<?xml version="1.0" encoding="UTF-8"?>
<!DOCTYPE html PUBLIC "-//W3C//DTD XHTML 1.0 Transitional//EN"
    "http://www.w3.org/TR/xhtml1/DTD/xhtml1-transitional.dtd">
<html xmlns="http://www.w3.org/1999/xhtml" xml:lang="en" lang="en">
 <head>
  <title>
</title>
<meta http-equiv="Content-Type" content="text/html;charset=utf-8" />
  <meta name='ocr-system' content='tesseract 3.04.00' />
  <meta name='ocr-capabilities' content='ocr_page ocr_carea ocr_par ocr_line ocrx_word'/>
</head>
<body>
  <div class='ocr_page' id='page_1' title='image "./arkivfrbotanik13kung_0982.png"; bbox 0 0 1882 3190; ppageno 0'>
   <div class='ocr_carea' id='block_1_1' title="bbox 224 78 1570 122">
    <p class='ocr_par' dir='ltr' id='par_1_1' title="bbox 224 78 1570 122">
     <span class='ocr_line' id='line_1_1' title="bbox 224 78 1570 122; baseline 0 0"><span class='ocrx_word' id='word_1_1' title='bbox 224 85 302 122; x_wconf 87' lang='lat'>146</span> <span class='ocrx_word' id='word_1_2' title='bbox 503 91 656 120; x_wconf 79' lang='lat' dir='ltr'>ARKIV</span> <span class='ocrx_word' id='word_1_3' title='bbox 686 80 779 120; x_wconf 67' lang='lat' dir='ltr'>Fon</span> <span class='ocrx_word' id='word_1_4' title='bbox 810 90 1040 120; x_wconf 76' lang='lat' dir='ltr'>Bo&#39;rANIK.</span> <span class='ocrx_word' id='word_1_5' title='bbox 1102 91 1235 119; x_wconf 86' lang='lat' dir='ltr'><strong>BAND</strong></span> <span class='ocrx_word' id='word_1_6' title='bbox 1267 78 1332 121; x_wconf 88' lang='lat'>13.</span> <span class='ocrx_word' id='word_1_7' title='bbox 1392 91 1475 121; x_wconf 76' lang='grc' dir='ltr'>Νεο</span> <span class='ocrx_word' id='word_1_8' title='bbox 1506 79 1570 122; x_wconf 85' lang='grc'>13.</span> 
     </span>
    </p>
   </div>
   <div class='ocr_carea' id='block_1_2' title="bbox 209 191 1843 2952">
    <p class='ocr_par' dir='ltr' id='par_1_2' title="bbox 214 191 1843 720">
     <span class='ocr_line' id='line_1_2' title="bbox 331 191 1842 247; baseline -0.001 -12"><span class='ocrx_word' id='word_1_9' title='bbox 331 193 498 235; x_wconf 79' lang='lat' dir='ltr'>Cortex</span> <span class='ocrx_word' id='word_1_10' title='bbox 544 192 752 246; x_wconf 86' lang='lat' dir='ltr'>superior</span> <span class='ocrx_word' id='word_1_11' title='bbox 794 193 1078 234; x_wconf 86' lang='lat' dir='ltr'>cinerascens</span> <span class='ocrx_word' id='word_1_12' title='bbox 1110 191 1182 233; x_wconf 85' lang='lat' dir='ltr'>vel</span> <span class='ocrx_word' id='word_1_13' title='bbox 1214 191 1412 241; x_wconf 89' lang='lat' dir='ltr'>decolor,</span> <span class='ocrx_word' id='word_1_14' title='bbox 1445 195 1611 234; x_wconf 85' lang='lat'>20—25</span> <span class='ocrx_word' id='word_1_15' title='bbox 1646 207 1672 247; x_wconf 86' lang='grc' dir='ltr'><strong>μ</strong></span> <span class='ocrx_word' id='word_1_16' title='bbox 1703 192 1842 243; x_wconf 88' lang='lat' dir='ltr'>altus,</span> 
     </span>
     <span class='ocr_line' id='line_1_3' title="bbox 217 259 1842 315; baseline -0.001 -12"><span class='ocrx_word' id='word_1_17' title='bbox 217 276 272 303; x_wconf 87' lang='lat' dir='ltr'>ex</span> <span class='ocrx_word' id='word_1_18' title='bbox 314 260 483 315; x_wconf 88' lang='lat' dir='ltr'>hyphis</span> <span class='ocrx_word' id='word_1_19' title='bbox 526 259 842 309; x_wconf 85' lang='lat' dir='ltr'>verticalibus,</span> <span class='ocrx_word' id='word_1_20' title='bbox 874 260 1144 301; x_wconf 87' lang='lat' dir='ltr'>membrana</span> <span class='ocrx_word' id='word_1_21' title='bbox 1175 259 1391 300; x_wconf 87' lang='lat' dir='ltr'>mediocri</span> <span class='ocrx_word' id='word_1_22' title='bbox 1422 260 1598 309; x_wconf 88' lang='lat' dir='ltr'>cinctis,</span> <span class='ocrx_word' id='word_1_23' title='bbox 1630 261 1842 315; x_wconf 83' lang='lat' dir='ltr'>septatis,</span> 
     </span>
     <span class='ocr_line' id='line_1_4' title="bbox 218 327 1840 382; baseline -0.001 -12"><span class='ocrx_word' id='word_1_24' title='bbox 218 329 423 376; x_wconf 72' lang='lat' dir='ltr'>ramosis,</span> <span class='ocrx_word' id='word_1_25' title='bbox 471 329 517 369; x_wconf 89' lang='lat' dir='ltr'>in</span> <span class='ocrx_word' id='word_1_26' title='bbox 561 333 696 382; x_wconf 87' lang='lat' dir='ltr'>parte</span> <span class='ocrx_word' id='word_1_27' title='bbox 742 328 958 369; x_wconf 77' lang='lat' dir='ltr'>inferiore</span> <span class='ocrx_word' id='word_1_28' title='bbox 1003 327 1254 368; x_wconf 84' lang='lat' dir='ltr'><strong>luminibus</strong></span> <span class='ocrx_word' id='word_1_29' title='bbox 1297 327 1556 381; x_wconf 83' lang='lat' dir='ltr'>conspicuis</span> <span class='ocrx_word' id='word_1_30' title='bbox 1598 329 1840 382; x_wconf 84' lang='lat' dir='ltr'>separatis,</span> 
     </span>
     <span class='ocr_line' id='line_1_5' title="bbox 219 394 1842 449; baseline -0.001 -11"><span class='ocrx_word' id='word_1_31' title='bbox 219 397 463 445; x_wconf 86' lang='lat' dir='ltr'>formatus,</span> <span class='ocrx_word' id='word_1_32' title='bbox 496 399 646 437; x_wconf 89' lang='lat' dir='ltr'>strato</span> <span class='ocrx_word' id='word_1_33' title='bbox 677 395 913 449; x_wconf 88' lang='lat' dir='ltr'>amorphO,</span> <span class='ocrx_word' id='word_1_34' title='bbox 937 394 1162 444; x_wconf 80' lang='lat' dir='ltr'>decolore,</span> <span class='ocrx_word' id='word_1_35' title='bbox 1187 395 1331 444; x_wconf 90' lang='lat' dir='ltr'>tenui,</span> <span class='ocrx_word' id='word_1_36' title='bbox 1359 398 1466 436; x_wconf 87' lang='lat' dir='ltr'>l—-2</span> <span class='ocrx_word' id='word_1_37' title='bbox 1489 408 1518 449; x_wconf 78' lang='grc' dir='ltr'>μ</span> <span class='ocrx_word' id='word_1_38' title='bbox 1538 394 1649 444; x_wconf 89' lang='lat' dir='ltr'>alto,</span> <span class='ocrx_word' id='word_1_39' title='bbox 1674 399 1842 437; x_wconf 87' lang='lat' dir='ltr'>tectus.</span> 
     </span>
     <span class='ocr_line' id='line_1_6' title="bbox 215 461 1843 517; baseline -0.001 -12"><span class='ocrx_word' id='word_1_40' title='bbox 215 463 418 506; x_wconf 83' lang='lat' dir='ltr'>Medulla</span> <span class='ocrx_word' id='word_1_41' title='bbox 449 463 569 513; x_wconf 91' lang='lat' dir='ltr'>alba,</span> <span class='ocrx_word' id='word_1_42' title='bbox 606 466 879 513; x_wconf 52' lang='lat'>140—260111</span> <span class='ocrx_word' id='word_1_43' title='bbox 909 463 1023 513; x_wconf 79' lang='lat' dir='ltr'>alta3</span> <span class='ocrx_word' id='word_1_44' title='bbox 1057 462 1243 517; x_wconf 89' lang='lat' dir='ltr'>hyphae</span> <span class='ocrx_word' id='word_1_45' title='bbox 1275 461 1552 504; x_wconf 89' lang='lat' dir='ltr'>medullares</span> <span class='ocrx_word' id='word_1_46' title='bbox 1582 463 1843 515; x_wconf 84' lang='lat' dir='ltr'>intricatae,</span> 
     </span>
     <span class='ocr_line' id='line_1_7' title="bbox 214 529 1841 585; baseline -0.001 -12"><span class='ocrx_word' id='word_1_47' title='bbox 214 545 435 580; x_wconf 82' lang='lat' dir='ltr'>ramosae,</span> <span class='ocrx_word' id='word_1_48' title='bbox 467 530 728 585; x_wconf 82' lang='lat' dir='ltr'>adspersae,</span> <span class='ocrx_word' id='word_1_49' title='bbox 762 535 915 580; x_wconf 80' lang='lat'><strong>2‚5—-3</strong></span> <span class='ocrx_word' id='word_1_50' title='bbox 941 546 966 585; x_wconf 77' lang='grc' dir='ltr'><strong>μ</strong></span> <span class='ocrx_word' id='word_1_51' title='bbox 998 544 1192 572; x_wconf 85' lang='lat' dir='ltr'>crassae.</span> <span class='ocrx_word' id='word_1_52' title='bbox 1245 529 1444 572; x_wconf 85' lang='lat' dir='ltr'>Gonidia</span> <span class='ocrx_word' id='word_1_53' title='bbox 1474 530 1678 584; x_wconf 86' lang='lat' dir='ltr'>globosa,</span> <span class='ocrx_word' id='word_1_54' title='bbox 1702 530 1841 572; x_wconf 86' lang='lat' dir='ltr'>diam.</span> 
     </span>
     <span class='ocr_line' id='line_1_8' title="bbox 216 597 1843 653; baseline -0.002 -10"><span class='ocrx_word' id='word_1_55' title='bbox 216 603 325 643; x_wconf 89' lang='lat'>7——9</span> <span class='ocrx_word' id='word_1_56' title='bbox 350 613 389 653; x_wconf 77' lang='grc' dir='ltr'>μ.</span> <span class='ocrx_word' id='word_1_57' title='bbox 442 598 610 640; x_wconf 86' lang='lat' dir='ltr'>Cortex</span> <span class='ocrx_word' id='word_1_58' title='bbox 649 599 836 641; x_wconf 80' lang='lat' dir='ltr'>inferior</span> <span class='ocrx_word' id='word_1_59' title='bbox 873 600 917 640; x_wconf 90' lang='lat' dir='ltr'>in</span> <span class='ocrx_word' id='word_1_60' title='bbox 950 602 1084 652; x_wconf 88' lang='lat' dir='ltr'>parte</span> <span class='ocrx_word' id='word_1_61' title='bbox 1117 597 1360 652; x_wconf 81' lang='lat' dir='ltr'>marginali</span> <span class='ocrx_word' id='word_1_62' title='bbox 1391 597 1523 639; x_wconf 87' lang='lat' dir='ltr'>thalli</span> <span class='ocrx_word' id='word_1_63' title='bbox 1555 597 1740 640; x_wconf 89' lang='lat' dir='ltr'>decolor</span> <span class='ocrx_word' id='word_1_64' title='bbox 1770 597 1843 640; x_wconf 86' lang='lat' dir='ltr'>vel</span> 
     </span>
     <span class='ocr_line' id='line_1_9' title="bbox 214 665 1551 720; baseline 0 -12"><span class='ocrx_word' id='word_1_65' title='bbox 214 667 409 709; x_wconf 91' lang='lat' dir='ltr'>dilutius</span> <span class='ocrx_word' id='word_1_66' title='bbox 441 666 686 717; x_wconf 89' lang='lat' dir='ltr'>coloratus,</span> <span class='ocrx_word' id='word_1_67' title='bbox 719 671 923 709; x_wconf 78' lang='lat' dir='ltr'>ceterum</span> <span class='ocrx_word' id='word_1_68' title='bbox 954 666 1124 715; x_wconf 85' lang='lat' dir='ltr'>fuscus,</span> <span class='ocrx_word' id='word_1_69' title='bbox 1157 669 1324 708; x_wconf 86' lang='lat'>25—-30</span> <span class='ocrx_word' id='word_1_70' title='bbox 1358 680 1384 720; x_wconf 78' lang='grc' dir='ltr'>μ.</span> <span class='ocrx_word' id='word_1_71' title='bbox 1413 665 1551 708; x_wconf 89' lang='lat' dir='ltr'>altus.</span> 
     </span>
    </p>

    <p class='ocr_par' dir='ltr' id='par_1_3' title="bbox 210 733 1842 2061">
     <span class='ocr_line' id='line_1_10' title="bbox 329 733 1842 789; baseline 0 -13"><span class='ocrx_word' id='word_1_72' title='bbox 329 734 587 789; x_wconf 85' lang='lat' dir='ltr'>Apothecia</span> <span class='ocrx_word' id='word_1_73' title='bbox 617 734 836 789; x_wconf 84' lang='lat' dir='ltr'>dispersa,</span> <span class='ocrx_word' id='word_1_74' title='bbox 859 734 1047 783; x_wconf 84' lang='lat' dir='ltr'>sessilia,</span> <span class='ocrx_word' id='word_1_75' title='bbox 1072 738 1269 788; x_wconf 81' lang='lat' dir='ltr'>anguste</span> <span class='ocrx_word' id='word_1_76' title='bbox 1289 733 1451 784; x_wconf 74' lang='lat' dir='ltr'>affixa,</span> <span class='ocrx_word' id='word_1_77' title='bbox 1474 747 1568 775; x_wconf 90' lang='lat' dir='ltr'>non</span> <span class='ocrx_word' id='word_1_78' title='bbox 1589 734 1842 789; x_wconf 87' lang='lat' dir='ltr'>perforata,</span> 
     </span>
     <span class='ocr_line' id='line_1_11' title="bbox 213 801 1842 856; baseline -0.001 -11"><span class='ocrx_word' id='word_1_79' title='bbox 213 802 430 851; x_wconf 87' lang='lat' dir='ltr'>rotunda,</span> <span class='ocrx_word' id='word_1_80' title='bbox 475 802 613 844; x_wconf 88' lang='lat' dir='ltr'>diam.</span> <span class='ocrx_word' id='word_1_81' title='bbox 647 805 756 844; x_wconf 84' lang='lat'>2—5</span> <span class='ocrx_word' id='word_1_82' title='bbox 788 816 895 843; x_wconf 90' lang='lat' dir='ltr'>mm.</span> <span class='ocrx_word' id='word_1_83' title='bbox 958 801 1116 856; x_wconf 84' lang='lat' dir='ltr'>Margo</span> <span class='ocrx_word' id='word_1_84' title='bbox 1156 802 1421 856; x_wconf 90' lang='lat' dir='ltr'>persistens,</span> <span class='ocrx_word' id='word_1_85' title='bbox 1459 801 1742 851; x_wconf 89' lang='lat' dir='ltr'>crenulatus,</span> <span class='ocrx_word' id='word_1_86' title='bbox 1775 816 1842 843; x_wconf 89' lang='lat' dir='ltr'>re-</span> 
     </span>
     <span class='ocr_line' id='line_1_12' title="bbox 213 869 1842 926; baseline -0.001 -14"><span class='ocrx_word' id='word_1_87' title='bbox 213 869 509 926; x_wconf 88' lang='lat' dir='ltr'>ceptaculum</span> <span class='ocrx_word' id='word_1_88' title='bbox 546 878 583 918; x_wconf 70' lang='lat' dir='ltr'>ss</span> <span class='ocrx_word' id='word_1_89' title='bbox 622 884 854 924; x_wconf 87' lang='lat' dir='ltr'>rugosum,</span> <span class='ocrx_word' id='word_1_90' title='bbox 903 870 1108 911; x_wconf 85' lang='lat' dir='ltr'>breviter</span> <span class='ocrx_word' id='word_1_91' title='bbox 1151 869 1388 911; x_wconf 90' lang='lat' dir='ltr'>isidiosum</span> <span class='ocrx_word' id='word_1_92' title='bbox 1435 869 1508 911; x_wconf 85' lang='lat' dir='ltr'>vel</span> <span class='ocrx_word' id='word_1_93' title='bbox 1553 869 1744 919; x_wconf 87' lang='lat' dir='ltr'>nudum,</span> <span class='ocrx_word' id='word_1_94' title='bbox 1794 871 1842 911; x_wconf 90' lang='lat' dir='ltr'>in</span> 
     </span>
     <span class='ocr_line' id='line_1_13' title="bbox 212 936 1842 992; baseline -0.001 -12"><span class='ocrx_word' id='word_1_95' title='bbox 212 942 373 981; x_wconf 88' lang='lat' dir='ltr'>centro</span> <span class='ocrx_word' id='word_1_96' title='bbox 414 938 556 991; x_wconf 85' lang='lat' dir='ltr'>niger,</span> <span class='ocrx_word' id='word_1_97' title='bbox 589 942 791 979; x_wconf 87' lang='lat' dir='ltr'>ceterum</span> <span class='ocrx_word' id='word_1_98' title='bbox 831 937 976 978; x_wconf 87' lang='lat' dir='ltr'>thallo</span> <span class='ocrx_word' id='word_1_99' title='bbox 1008 936 1241 987; x_wconf 89' lang='lat' dir='ltr'>concolor;</span> <span class='ocrx_word' id='word_1_100' title='bbox 1286 942 1445 979; x_wconf 82' lang='lat' dir='ltr'>cortex</span> <span class='ocrx_word' id='word_1_101' title='bbox 1477 936 1757 992; x_wconf 74' lang='lat' dir='ltr'>receptaculi</span> <span class='ocrx_word' id='word_1_102' title='bbox 1791 941 1842 978; x_wconf 88' lang='grc'>15</span> 
     </span>
     <span class='ocr_line' id='line_1_14' title="bbox 214 1004 1842 1060; baseline -0.001 -14"><span class='ocrx_word' id='word_1_103' title='bbox 214 1009 324 1048; x_wconf 87' lang='lat'>—40</span> <span class='ocrx_word' id='word_1_104' title='bbox 355 1019 383 1060; x_wconf 81' lang='grc' dir='ltr'><strong>μ</strong></span> <span class='ocrx_word' id='word_1_105' title='bbox 399 1005 535 1055; x_wconf 83' lang='lat' dir='ltr'>altus,</span> <span class='ocrx_word' id='word_1_106' title='bbox 555 1019 612 1047; x_wconf 85' lang='lat' dir='ltr'>ex</span> <span class='ocrx_word' id='word_1_107' title='bbox 630 1004 797 1059; x_wconf 87' lang='lat' dir='ltr'>hyphis</span> <span class='ocrx_word' id='word_1_108' title='bbox 817 1004 1290 1059; x_wconf 80' lang='lat' dir='ltr'>perpendicularibus,</span> <span class='ocrx_word' id='word_1_109' title='bbox 1309 1004 1562 1046; x_wconf 84' lang='lat' dir='ltr'>luminibus</span> <span class='ocrx_word' id='word_1_110' title='bbox 1580 1005 1842 1058; x_wconf 86' lang='lat' dir='ltr'>conspicuis</span> 
     </span>
     <span class='ocr_line' id='line_1_15' title="bbox 212 1072 1842 1128; baseline 0 -15"><span class='ocrx_word' id='word_1_111' title='bbox 212 1073 452 1127; x_wconf 87' lang='lat' dir='ltr'>separatis,</span> <span class='ocrx_word' id='word_1_112' title='bbox 485 1072 725 1114; x_wconf 86' lang='lat' dir='ltr'>formatus.</span> <span class='ocrx_word' id='word_1_113' title='bbox 761 1072 959 1113; x_wconf 82' lang='lat' dir='ltr'>Gonidia</span> <span class='ocrx_word' id='word_1_114' title='bbox 989 1072 1075 1113; x_wconf 91' lang='lat' dir='ltr'>sub</span> <span class='ocrx_word' id='word_1_115' title='bbox 1106 1072 1319 1128; x_wconf 87' lang='lat' dir='ltr'>excipulo</span> <span class='ocrx_word' id='word_1_116' title='bbox 1349 1077 1397 1113; x_wconf 91' lang='lat' dir='ltr'>et</span> <span class='ocrx_word' id='word_1_117' title='bbox 1426 1072 1548 1114; x_wconf 87' lang='lat' dir='ltr'>infra</span> <span class='ocrx_word' id='word_1_118' title='bbox 1576 1073 1842 1125; x_wconf 81' lang='lat' dir='ltr'>partemin-</span> 
     </span>
     <span class='ocr_line' id='line_1_16' title="bbox 213 1139 1842 1195; baseline -0.001 -13"><span class='ocrx_word' id='word_1_119' title='bbox 213 1140 466 1182; x_wconf 88' lang='lat' dir='ltr'>coloratam</span> <span class='ocrx_word' id='word_1_120' title='bbox 509 1141 693 1181; x_wconf 74' lang='lat' dir='ltr'>corticis</span> <span class='ocrx_word' id='word_1_121' title='bbox 735 1141 781 1181; x_wconf 89' lang='lat' dir='ltr'>in</span> <span class='ocrx_word' id='word_1_122' title='bbox 819 1144 969 1181; x_wconf 87' lang='lat' dir='ltr'>strato</span> <span class='ocrx_word' id='word_1_123' title='bbox 1007 1140 1230 1181; x_wconf 89' lang='lat' dir='ltr'>continuo</span> <span class='ocrx_word' id='word_1_124' title='bbox 1260 1139 1502 1195; x_wconf 89' lang='lat' dir='ltr'>disposita.</span> <span class='ocrx_word' id='word_1_125' title='bbox 1561 1139 1842 1194; x_wconf 80' lang='lat' dir='ltr'>Excipulum</span> 
     </span>
     <span class='ocr_line' id='line_1_17' title="bbox 214 1206 1840 1262; baseline -0.001 -12"><span class='ocrx_word' id='word_1_126' title='bbox 214 1208 414 1258; x_wconf 90' lang='lat' dir='ltr'>decolor,</span> <span class='ocrx_word' id='word_1_127' title='bbox 447 1211 614 1249; x_wconf 84' lang='lat'>25—40</span> <span class='ocrx_word' id='word_1_128' title='bbox 638 1222 663 1261; x_wconf 76' lang='grc' dir='ltr'><strong>μ</strong></span> <span class='ocrx_word' id='word_1_129' title='bbox 685 1207 845 1257; x_wconf 85' lang='lat' dir='ltr'>altum,</span> <span class='ocrx_word' id='word_1_130' title='bbox 879 1222 935 1249; x_wconf 80' lang='lat' dir='ltr'>ex</span> <span class='ocrx_word' id='word_1_131' title='bbox 967 1206 1136 1262; x_wconf 88' lang='lat' dir='ltr'>hyphis</span> <span class='ocrx_word' id='word_1_132' title='bbox 1159 1207 1294 1249; x_wconf 85' lang='lat' dir='ltr'>valde</span> <span class='ocrx_word' id='word_1_133' title='bbox 1315 1208 1548 1249; x_wconf 88' lang='lat' dir='ltr'>intricatis</span> <span class='ocrx_word' id='word_1_134' title='bbox 1570 1207 1840 1257; x_wconf 84' lang='lat' dir='ltr'>formatum,</span> 
     </span>
     <span class='ocr_line' id='line_1_18' title="bbox 214 1274 1842 1330; baseline -0.001 -13"><span class='ocrx_word' id='word_1_135' title='bbox 214 1276 301 1318; x_wconf 86' lang='lat' dir='ltr'>sub</span> <span class='ocrx_word' id='word_1_136' title='bbox 339 1280 442 1317; x_wconf 88' lang='lat' dir='ltr'>toto</span> <span class='ocrx_word' id='word_1_137' title='bbox 472 1275 755 1329; x_wconf 86' lang='lat' dir='ltr'>hypothecio</span> <span class='ocrx_word' id='word_1_138' title='bbox 786 1280 832 1316; x_wconf 84' lang='lat' dir='ltr'>et</span> <span class='ocrx_word' id='word_1_139' title='bbox 863 1275 922 1316; x_wconf 90' lang='lat' dir='ltr'>ad</span> <span class='ocrx_word' id='word_1_140' title='bbox 952 1275 1099 1317; x_wconf 86' lang='lat' dir='ltr'>latera</span> <span class='ocrx_word' id='word_1_141' title='bbox 1129 1274 1334 1330; x_wconf 88' lang='lat' dir='ltr'>hymenii</span> <span class='ocrx_word' id='word_1_142' title='bbox 1364 1275 1618 1317; x_wconf 85' lang='lat' dir='ltr'>evolutum.</span> <span class='ocrx_word' id='word_1_143' title='bbox 1678 1275 1842 1330; x_wconf 86' lang='lat' dir='ltr'>Hypo-</span> 
     </span>
     <span class='ocr_line' id='line_1_19' title="bbox 214 1342 1841 1398; baseline -0.001 -13"><span class='ocrx_word' id='word_1_144' title='bbox 214 1343 419 1385; x_wconf 84' lang='lat' dir='ltr'>thecium</span> <span class='ocrx_word' id='word_1_145' title='bbox 451 1346 616 1384; x_wconf 85' lang='lat'>25-40</span> <span class='ocrx_word' id='word_1_146' title='bbox 650 1358 675 1397; x_wconf 73' lang='grc' dir='ltr'>μ.</span> <span class='ocrx_word' id='word_1_147' title='bbox 706 1343 868 1392; x_wconf 87' lang='lat' dir='ltr'>altum,</span> <span class='ocrx_word' id='word_1_148' title='bbox 903 1357 958 1384; x_wconf 82' lang='lat' dir='ltr'>ex</span> <span class='ocrx_word' id='word_1_149' title='bbox 991 1342 1159 1398; x_wconf 86' lang='lat' dir='ltr'>hyphis</span> <span class='ocrx_word' id='word_1_150' title='bbox 1198 1352 1234 1392; x_wconf 46' lang='grc' dir='ltr'>ᾗς</span> <span class='ocrx_word' id='word_1_151' title='bbox 1275 1342 1640 1385; x_wconf 89' lang='lat' dir='ltr'>horizontalibus</span> <span class='ocrx_word' id='word_1_152' title='bbox 1669 1342 1841 1385; x_wconf 88' lang='lat' dir='ltr'>forma-</span> 
     </span>
     <span class='ocr_line' id='line_1_20' title="bbox 213 1410 1841 1466; baseline -0.001 -14"><span class='ocrx_word' id='word_1_153' title='bbox 213 1416 329 1453; x_wconf 84' lang='lat' dir='ltr'>tum.</span> <span class='ocrx_word' id='word_1_154' title='bbox 390 1411 554 1453; x_wconf 89' lang='lat' dir='ltr'>Discus</span> <span class='ocrx_word' id='word_1_155' title='bbox 585 1410 764 1465; x_wconf 88' lang='lat' dir='ltr'>planus,</span> <span class='ocrx_word' id='word_1_156' title='bbox 798 1411 976 1460; x_wconf 89' lang='lat' dir='ltr'>badius,</span> <span class='ocrx_word' id='word_1_157' title='bbox 1011 1425 1197 1466; x_wconf 87' lang='lat' dir='ltr'>opacus,</span> <span class='ocrx_word' id='word_1_158' title='bbox 1232 1425 1324 1452; x_wconf 89' lang='lat' dir='ltr'>non</span> <span class='ocrx_word' id='word_1_159' title='bbox 1354 1412 1615 1465; x_wconf 89' lang='lat' dir='ltr'>pruinosus.</span> <span class='ocrx_word' id='word_1_160' title='bbox 1666 1410 1841 1464; x_wconf 86' lang='lat' dir='ltr'>Hyme-</span> 
     </span>
     <span class='ocr_line' id='line_1_21' title="bbox 213 1477 1842 1532; baseline -0.001 -12"><span class='ocrx_word' id='word_1_161' title='bbox 213 1479 341 1520; x_wconf 88' lang='lat' dir='ltr'>nium</span> <span class='ocrx_word' id='word_1_162' title='bbox 372 1483 635 1532; x_wconf 84' lang='lat' dir='ltr'>angustum,</span> <span class='ocrx_word' id='word_1_163' title='bbox 669 1481 834 1519; x_wconf 85' lang='lat'>50—65</span> <span class='ocrx_word' id='word_1_164' title='bbox 867 1493 894 1532; x_wconf 83' lang='grc' dir='ltr'>μ</span> <span class='ocrx_word' id='word_1_165' title='bbox 925 1478 1086 1528; x_wconf 88' lang='lat' dir='ltr'>altum,</span> <span class='ocrx_word' id='word_1_166' title='bbox 1119 1479 1167 1519; x_wconf 91' lang='lat' dir='ltr'>in</span> <span class='ocrx_word' id='word_1_167' title='bbox 1198 1482 1330 1532; x_wconf 83' lang='lat' dir='ltr'>parte</span> <span class='ocrx_word' id='word_1_168' title='bbox 1351 1478 1584 1532; x_wconf 89' lang='lat' dir='ltr'>superiore</span> <span class='ocrx_word' id='word_1_169' title='bbox 1604 1477 1842 1519; x_wconf 89' lang='lat' dir='ltr'>umbrino-</span> 
     </span>
     <span class='ocr_line' id='line_1_22' title="bbox 213 1545 1839 1601; baseline -0.001 -13"><span class='ocrx_word' id='word_1_170' title='bbox 213 1547 394 1588; x_wconf 78' lang='lat' dir='ltr'>fuscum</span> <span class='ocrx_word' id='word_1_171' title='bbox 438 1550 484 1587; x_wconf 91' lang='lat' dir='ltr'>et</span> <span class='ocrx_word' id='word_1_172' title='bbox 537 1554 574 1594; x_wconf 75' lang='lat' dir='ltr'>:lz</span> <span class='ocrx_word' id='word_1_173' title='bbox 627 1546 1201 1601; x_wconf 84' lang='lat' dir='ltr'>pulveraceo-inspersum,</span> <span class='ocrx_word' id='word_1_174' title='bbox 1249 1550 1454 1587; x_wconf 89' lang='lat' dir='ltr'>ceterum</span> <span class='ocrx_word' id='word_1_175' title='bbox 1503 1545 1700 1596; x_wconf 87' lang='lat' dir='ltr'>decolor,</span> <span class='ocrx_word' id='word_1_176' title='bbox 1748 1559 1839 1587; x_wconf 92' lang='lat' dir='ltr'>non</span> 
     </span>
     <span class='ocr_line' id='line_1_23' title="bbox 213 1613 1837 1668; baseline -0.001 -13"><span class='ocrx_word' id='word_1_177' title='bbox 213 1615 486 1668; x_wconf 88' lang='lat' dir='ltr'>inspersum.</span> <span class='ocrx_word' id='word_1_178' title='bbox 582 1613 873 1668; x_wconf 86' lang='lat' dir='ltr'>Paraphyses</span> <span class='ocrx_word' id='word_1_179' title='bbox 924 1613 1177 1664; x_wconf 85' lang='lat' dir='ltr'>filiformes,</span> <span class='ocrx_word' id='word_1_180' title='bbox 1229 1614 1360 1668; x_wconf 85' lang='lat' dir='ltr'>apice</span> <span class='ocrx_word' id='word_1_181' title='bbox 1409 1627 1502 1655; x_wconf 90' lang='lat' dir='ltr'>non</span> <span class='ocrx_word' id='word_1_182' title='bbox 1552 1613 1626 1654; x_wconf 84' lang='lat' dir='ltr'>vel</span> <span class='ocrx_word' id='word_1_183' title='bbox 1673 1626 1837 1667; x_wconf 88' lang='lat' dir='ltr'>parum</span> 
     </span>
     <span class='ocr_line' id='line_1_24' title="bbox 211 1679 1840 1736; baseline -0.001 -13"><span class='ocrx_word' id='word_1_184' title='bbox 211 1683 508 1730; x_wconf 85' lang='lat' dir='ltr'>incrassatae,</span> <span class='ocrx_word' id='word_1_185' title='bbox 567 1681 745 1734; x_wconf 87' lang='lat' dir='ltr'>apicem</span> <span class='ocrx_word' id='word_1_186' title='bbox 796 1695 954 1722; x_wconf 87' lang='lat' dir='ltr'>versus</span> <span class='ocrx_word' id='word_1_187' title='bbox 1005 1686 1234 1736; x_wconf 86' lang='lat' dir='ltr'>septatae,</span> <span class='ocrx_word' id='word_1_188' title='bbox 1289 1695 1383 1722; x_wconf 90' lang='lat' dir='ltr'>non</span> <span class='ocrx_word' id='word_1_189' title='bbox 1436 1694 1661 1722; x_wconf 87' lang='lat' dir='ltr'>ramosae.</span> <span class='ocrx_word' id='word_1_190' title='bbox 1733 1679 1840 1721; x_wconf 91' lang='lat' dir='ltr'>Asci</span> 
     </span>
     <span class='ocr_line' id='line_1_25' title="bbox 211 1748 1839 1803; baseline -0.001 -12"><span class='ocrx_word' id='word_1_191' title='bbox 211 1749 398 1799; x_wconf 85' lang='lat' dir='ltr'>clavati,</span> <span class='ocrx_word' id='word_1_192' title='bbox 450 1749 719 1790; x_wconf 90' lang='lat' dir='ltr'>membrana</span> <span class='ocrx_word' id='word_1_193' title='bbox 771 1750 914 1798; x_wconf 84' lang='lat' dir='ltr'>tenui,</span> <span class='ocrx_word' id='word_1_194' title='bbox 968 1749 1099 1803; x_wconf 86' lang='lat' dir='ltr'>apice</span> <span class='ocrx_word' id='word_1_195' title='bbox 1149 1749 1316 1791; x_wconf 83' lang='lat' dir='ltr'>leviter</span> <span class='ocrx_word' id='word_1_196' title='bbox 1364 1749 1636 1798; x_wconf 85' lang='lat' dir='ltr'>incrassata,</span> <span class='ocrx_word' id='word_1_197' title='bbox 1683 1748 1839 1798; x_wconf 89' lang='lat' dir='ltr'>cincti,</span> 
     </span>
     <span class='ocr_line' id='line_1_26' title="bbox 211 1815 1839 1871; baseline -0.001 -13"><span class='ocrx_word' id='word_1_198' title='bbox 211 1816 429 1871; x_wconf 90' lang='lat' dir='ltr'>hymenio</span> <span class='ocrx_word' id='word_1_199' title='bbox 472 1829 639 1870; x_wconf 90' lang='lat' dir='ltr'>parum</span> <span class='ocrx_word' id='word_1_200' title='bbox 685 1816 931 1865; x_wconf 83' lang='lat' dir='ltr'>breviores,</span> <span class='ocrx_word' id='word_1_201' title='bbox 968 1820 1132 1858; x_wconf 87' lang='lat'>10—14</span> <span class='ocrx_word' id='word_1_202' title='bbox 1165 1831 1193 1871; x_wconf 80' lang='grc' dir='ltr'>μ</span> <span class='ocrx_word' id='word_1_203' title='bbox 1223 1817 1379 1866; x_wconf 89' lang='lat' dir='ltr'>crassi,</span> <span class='ocrx_word' id='word_1_204' title='bbox 1419 1816 1667 1870; x_wconf 84' lang='lat' dir='ltr'>octospori.</span> <span class='ocrx_word' id='word_1_205' title='bbox 1729 1815 1839 1870; x_wconf 86' lang='lat' dir='ltr'>Spo-</span> 
     </span>
     <span class='ocr_line' id='line_1_27' title="bbox 210 1883 1840 1938; baseline -0.002 -12"><span class='ocrx_word' id='word_1_206' title='bbox 210 1898 287 1926; x_wconf 89' lang='lat' dir='ltr'>rae</span> <span class='ocrx_word' id='word_1_207' title='bbox 332 1884 471 1938; x_wconf 85' lang='lat' dir='ltr'>vulgo</span> <span class='ocrx_word' id='word_1_208' title='bbox 518 1884 826 1925; x_wconf 87' lang='lat' dir='ltr'>uniserialiter</span> <span class='ocrx_word' id='word_1_209' title='bbox 871 1884 1139 1938; x_wconf 89' lang='lat' dir='ltr'>dispositae,</span> <span class='ocrx_word' id='word_1_210' title='bbox 1187 1883 1494 1938; x_wconf 88' lang='lat' dir='ltr'>subglobosae</span> <span class='ocrx_word' id='word_1_211' title='bbox 1540 1883 1753 1934; x_wconf 74' lang='lat'>(5‚5&gt;&lt;4‚5</span> <span class='ocrx_word' id='word_1_212' title='bbox 1792 1884 1840 1937; x_wconf 75' lang='grc' dir='ltr'>μ.)</span> 
     </span>
     <span class='ocr_line' id='line_1_28' title="bbox 211 1951 1839 2006; baseline 0 -13"><span class='ocrx_word' id='word_1_213' title='bbox 211 1952 285 1993; x_wconf 84' lang='lat' dir='ltr'>vel</span> <span class='ocrx_word' id='word_1_214' title='bbox 330 1951 424 1993; x_wconf 92' lang='lat' dir='ltr'>late</span> <span class='ocrx_word' id='word_1_215' title='bbox 469 1951 762 2006; x_wconf 91' lang='lat' dir='ltr'>ellipsoideae</span> <span class='ocrx_word' id='word_1_216' title='bbox 807 1953 976 2001; x_wconf 77' lang='lat'>(8&gt;&lt;4,5</span> <span class='ocrx_word' id='word_1_217' title='bbox 1017 1954 1078 2006; x_wconf 84' lang='grc' dir='ltr'>μ),</span> <span class='ocrx_word' id='word_1_218' title='bbox 1126 1955 1280 2002; x_wconf 79' lang='grc'>5,5-9</span> <span class='ocrx_word' id='word_1_219' title='bbox 1313 1966 1341 2006; x_wconf 81' lang='grc' dir='ltr'>μ</span> <span class='ocrx_word' id='word_1_220' title='bbox 1386 1951 1564 2006; x_wconf 87' lang='lat' dir='ltr'>longae,</span> <span class='ocrx_word' id='word_1_221' title='bbox 1611 1954 1762 2000; x_wconf 86' lang='lat'>4—5,5</span> <span class='ocrx_word' id='word_1_222' title='bbox 1809 1964 1839 2005; x_wconf 75' lang='grc' dir='ltr'>μ.</span> 
     </span>
     <span class='ocr_line' id='line_1_29' title="bbox 212 2033 409 2061; baseline 0 0"><span class='ocrx_word' id='word_1_223' title='bbox 212 2033 409 2061; x_wconf 83' lang='lat' dir='ltr'>crassae.</span> 
     </span>
    </p>

    <p class='ocr_par' dir='ltr' id='par_1_4' title="bbox 209 2086 1839 2614">
     <span class='ocr_line' id='line_1_30' title="bbox 322 2086 1838 2142; baseline -0.001 -13"><span class='ocrx_word' id='word_1_224' title='bbox 322 2086 664 2142; x_wconf 85' lang='lat' dir='ltr'>Conceptacula</span> <span class='ocrx_word' id='word_1_225' title='bbox 708 2087 1155 2141; x_wconf 89' lang='lat' dir='ltr'>pycnoconidiorum</span> <span class='ocrx_word' id='word_1_226' title='bbox 1196 2088 1243 2128; x_wconf 92' lang='lat' dir='ltr'>in</span> <span class='ocrx_word' id='word_1_227' title='bbox 1285 2086 1464 2128; x_wconf 88' lang='lat' dir='ltr'>laciniis</span> <span class='ocrx_word' id='word_1_228' title='bbox 1506 2086 1838 2142; x_wconf 87' lang='lat' dir='ltr'>marginalibus</span> 
     </span>
     <span class='ocr_line' id='line_1_31' title="bbox 210 2154 1839 2209; baseline -0.001 -13"><span class='ocrx_word' id='word_1_229' title='bbox 210 2159 257 2196; x_wconf 87' lang='lat' dir='ltr'>et</span> <span class='ocrx_word' id='word_1_230' title='bbox 287 2155 535 2209; x_wconf 87' lang='lat' dir='ltr'>praecipue</span> <span class='ocrx_word' id='word_1_231' title='bbox 565 2155 611 2195; x_wconf 91' lang='lat' dir='ltr'>in</span> <span class='ocrx_word' id='word_1_232' title='bbox 643 2154 819 2195; x_wconf 89' lang='lat' dir='ltr'>laciniis</span> <span class='ocrx_word' id='word_1_233' title='bbox 851 2155 1136 2196; x_wconf 89' lang='lat' dir='ltr'>secundariis</span> <span class='ocrx_word' id='word_1_234' title='bbox 1165 2155 1365 2209; x_wconf 89' lang='lat' dir='ltr'>copiosa,</span> <span class='ocrx_word' id='word_1_235' title='bbox 1395 2155 1537 2196; x_wconf 88' lang='lat' dir='ltr'>etiam</span> <span class='ocrx_word' id='word_1_236' title='bbox 1563 2155 1611 2196; x_wconf 88' lang='lat' dir='ltr'>in</span> <span class='ocrx_word' id='word_1_237' title='bbox 1632 2155 1839 2209; x_wconf 87' lang='lat' dir='ltr'>margine</span> 
     </span>
     <span class='ocr_line' id='line_1_32' title="bbox 210 2221 1836 2278; baseline -0.001 -14"><span class='ocrx_word' id='word_1_238' title='bbox 210 2222 561 2278; x_wconf 87' lang='lat' dir='ltr'>apotheciorum</span> <span class='ocrx_word' id='word_1_239' title='bbox 615 2222 821 2271; x_wconf 85' lang='lat' dir='ltr'>inventa,</span> <span class='ocrx_word' id='word_1_240' title='bbox 878 2222 1321 2276; x_wconf 85' lang='lat' dir='ltr'>depresso-globosa,</span> <span class='ocrx_word' id='word_1_241' title='bbox 1382 2225 1603 2264; x_wconf 87' lang='lat'>105—120</span> <span class='ocrx_word' id='word_1_242' title='bbox 1653 2237 1681 2276; x_wconf 84' lang='grc' dir='ltr'>μ</span> <span class='ocrx_word' id='word_1_243' title='bbox 1724 2221 1836 2271; x_wconf 88' lang='lat' dir='ltr'>alta,</span> 
     </span>
     <span class='ocr_line' id='line_1_33' title="bbox 214 2289 1836 2344; baseline -0.001 -13"><span class='ocrx_word' id='word_1_244' title='bbox 214 2294 434 2332; x_wconf 86' lang='lat'>130-—165</span> <span class='ocrx_word' id='word_1_245' title='bbox 468 2304 494 2344; x_wconf 82' lang='grc' dir='ltr'>μ</span> <span class='ocrx_word' id='word_1_246' title='bbox 524 2289 633 2330; x_wconf 87' lang='lat' dir='ltr'>lata.</span> <span class='ocrx_word' id='word_1_247' title='bbox 696 2289 1012 2332; x_wconf 81' lang='lat' dir='ltr'>Perifulcrium</span> <span class='ocrx_word' id='word_1_248' title='bbox 1042 2290 1387 2339; x_wconf 86' lang='lat' dir='ltr'>luteo-fuscum,</span> <span class='ocrx_word' id='word_1_249' title='bbox 1419 2290 1590 2332; x_wconf 90' lang='lat' dir='ltr'>circum</span> <span class='ocrx_word' id='word_1_250' title='bbox 1621 2289 1836 2331; x_wconf 89' lang='lat' dir='ltr'>ostiolum</span> 
     </span>
     <span class='ocr_line' id='line_1_34' title="bbox 209 2353 1838 2412; baseline -0.001 -13"><span class='ocrx_word' id='word_1_251' title='bbox 209 2359 516 2400; x_wconf 85' lang='lat' dir='ltr'>incrassatum</span> <span class='ocrx_word' id='word_1_252' title='bbox 557 2361 604 2398; x_wconf 88' lang='lat' dir='ltr'>et</span> <span class='ocrx_word' id='word_1_253' title='bbox 646 2357 945 2398; x_wconf 83' lang='lat' dir='ltr'>obscuratum</span> <span class='ocrx_word' id='word_1_254' title='bbox 989 2357 1377 2412; x_wconf 85' lang='lat' dir='ltr'>(fusco-nigrum),</span> <span class='ocrx_word' id='word_1_255' title='bbox 1416 2357 1565 2399; x_wconf 85' lang='lat' dir='ltr'>fulcra</span> <span class='ocrx_word' id='word_1_256' title='bbox 1594 2353 1838 2399; x_wconf 54' lang='lat' dir='ltr'>endobasiss</span> 
     </span>
     <span class='ocr_line' id='line_1_35' title="bbox 209 2424 1834 2479; baseline -0.001 -12"><span class='ocrx_word' id='word_1_257' title='bbox 209 2425 363 2475; x_wconf 89' lang='lat' dir='ltr'>dialia,</span> <span class='ocrx_word' id='word_1_258' title='bbox 411 2424 589 2466; x_wconf 87' lang='lat' dir='ltr'>basidia</span> <span class='ocrx_word' id='word_1_259' title='bbox 632 2424 898 2479; x_wconf 91' lang='lat' dir='ltr'>ellipsoidea</span> <span class='ocrx_word' id='word_1_260' title='bbox 943 2425 1016 2466; x_wconf 84' lang='lat' dir='ltr'>vel</span> <span class='ocrx_word' id='word_1_261' title='bbox 1059 2425 1416 2479; x_wconf 88' lang='lat' dir='ltr'>subcylindrica,</span> <span class='ocrx_word' id='word_1_262' title='bbox 1464 2429 1574 2466; x_wconf 86' lang='lat'>4—5</span> <span class='ocrx_word' id='word_1_263' title='bbox 1612 2440 1640 2478; x_wconf 83' lang='grc' dir='ltr'>μ</span> <span class='ocrx_word' id='word_1_264' title='bbox 1684 2424 1834 2479; x_wconf 86' lang='lat' dir='ltr'>longa,</span> 
     </span>
     <span class='ocr_line' id='line_1_36' title="bbox 215 2491 1838 2547; baseline -0.001 -13"><span class='ocrx_word' id='word_1_265' title='bbox 215 2498 277 2542; x_wconf 85' lang='lat' dir='ltr'>l,5</span> <span class='ocrx_word' id='word_1_266' title='bbox 313 2507 341 2546; x_wconf 80' lang='grc' dir='ltr'>μ</span> <span class='ocrx_word' id='word_1_267' title='bbox 372 2506 538 2542; x_wconf 88' lang='lat' dir='ltr'>crassa,</span> <span class='ocrx_word' id='word_1_268' title='bbox 585 2492 923 2547; x_wconf 88' lang='lat' dir='ltr'>pycnoconidia</span> <span class='ocrx_word' id='word_1_269' title='bbox 968 2493 1219 2543; x_wconf 86' lang='lat' dir='ltr'>bacillaria‚</span> <span class='ocrx_word' id='word_1_270' title='bbox 1266 2498 1409 2542; x_wconf 89' lang='lat' dir='ltr'>recta,</span> <span class='ocrx_word' id='word_1_271' title='bbox 1450 2492 1522 2534; x_wconf 90' lang='lat' dir='ltr'>vel</span> <span class='ocrx_word' id='word_1_272' title='bbox 1552 2493 1699 2534; x_wconf 88' lang='lat' dir='ltr'>rarius</span> <span class='ocrx_word' id='word_1_273' title='bbox 1730 2491 1838 2534; x_wconf 86' lang='lat' dir='ltr'>sub-</span> 
     </span>
     <span class='ocr_line' id='line_1_37' title="bbox 211 2559 1182 2614; baseline 0 -12"><span class='ocrx_word' id='word_1_274' title='bbox 211 2565 352 2610; x_wconf 86' lang='lat' dir='ltr'>recta,</span> <span class='ocrx_word' id='word_1_275' title='bbox 385 2564 495 2602; x_wconf 85' lang='lat'>5—6</span> <span class='ocrx_word' id='word_1_276' title='bbox 528 2573 556 2614; x_wconf 80' lang='grc' dir='ltr'>μ</span> <span class='ocrx_word' id='word_1_277' title='bbox 586 2559 737 2613; x_wconf 87' lang='lat' dir='ltr'>longa,</span> <span class='ocrx_word' id='word_1_278' title='bbox 770 2563 922 2608; x_wconf 81' lang='lat' dir='ltr'>O‚5—l</span> <span class='ocrx_word' id='word_1_279' title='bbox 957 2575 984 2614; x_wconf 82' lang='grc' dir='ltr'>μ</span> <span class='ocrx_word' id='word_1_280' title='bbox 1016 2575 1182 2602; x_wconf 88' lang='lat' dir='ltr'>crassa.</span> 
     </span>
    </p>

    <p class='ocr_par' dir='ltr' id='par_1_5' title="bbox 211 2626 1837 2748">
     <span class='ocr_line' id='line_1_38' title="bbox 325 2626 1837 2680; baseline -0.001 -12"><span class='ocrx_word' id='word_1_281' title='bbox 325 2628 488 2669; x_wconf 87' lang='lat' dir='ltr'>React.</span> <span class='ocrx_word' id='word_1_282' title='bbox 548 2626 737 2668; x_wconf 89' lang='lat' dir='ltr'>Thallus</span> <span class='ocrx_word' id='word_1_283' title='bbox 774 2626 911 2667; x_wconf 82' lang='grc' dir='ltr'>ΚΘΗ</span> <span class='ocrx_word' id='word_1_284' title='bbox 943 2634 1067 2669; x_wconf 74' lang='lat' dir='ltr'>extus</span> <span class='ocrx_word' id='word_1_285' title='bbox 1105 2634 1142 2670; x_wconf 79' lang='lat' dir='ltr'>et</span> <span class='ocrx_word' id='word_1_286' title='bbox 1173 2629 1295 2670; x_wconf 70' lang='lat' dir='ltr'>intus</span> <span class='ocrx_word' id='word_1_287' title='bbox 1326 2642 1346 2669; x_wconf 88' lang='lat' dir='ltr'>e</span> <span class='ocrx_word' id='word_1_288' title='bbox 1375 2627 1492 2680; x_wconf 75' lang='lat' dir='ltr'>slavo</span> <span class='ocrx_word' id='word_1_289' title='bbox 1529 2628 1698 2670; x_wconf 75' lang='lat' dir='ltr'>intense</span> <span class='ocrx_word' id='word_1_290' title='bbox 1733 2642 1837 2669; x_wconf 74' lang='lat' dir='ltr'>san-</span> 
     </span>
     <span class='ocr_line' id='line_1_39' title="bbox 211 2694 1267 2748; baseline 0.001 -12"><span class='ocrx_word' id='word_1_291' title='bbox 211 2695 401 2748; x_wconf 70' lang='lat' dir='ltr'>quimus</span> <span class='ocrx_word' id='word_1_292' title='bbox 431 2695 659 2744; x_wconf 78' lang='lat' dir='ltr'>coloratur,</span> <span class='ocrx_word' id='word_1_293' title='bbox 692 2694 886 2747; x_wconf 71' lang='lat' dir='ltr'>CaCl2O2</span> <span class='ocrx_word' id='word_1_294' title='bbox 918 2709 1009 2736; x_wconf 90' lang='lat' dir='ltr'>non</span> <span class='ocrx_word' id='word_1_295' title='bbox 1040 2700 1267 2738; x_wconf 84' lang='lat' dir='ltr'>mutatur.</span> 
     </span>
    </p>

    <p class='ocr_par' dir='ltr' id='par_1_6' title="bbox 212 2761 1836 2952">
     <span class='ocr_line' id='line_1_40' title="bbox 325 2761 1836 2817; baseline -0.001 -13"><span class='ocrx_word' id='word_1_296' title='bbox 325 2762 549 2804; x_wconf 80' lang='lat' dir='ltr'>Brasiliae</span> <span class='ocrx_word' id='word_1_297' title='bbox 587 2762 713 2803; x_wconf 86' lang='lat' dir='ltr'>civit.</span> <span class='ocrx_word' id='word_1_298' title='bbox 747 2761 898 2803; x_wconf 85' lang='lat' dir='ltr'>Matto</span> <span class='ocrx_word' id='word_1_299' title='bbox 930 2762 1118 2804; x_wconf 85' lang='lat' dir='ltr'>Grosso:</span> <span class='ocrx_word' id='word_1_300' title='bbox 1163 2762 1296 2805; x_wconf 84' lang='lat' dir='ltr'>Serra</span> <span class='ocrx_word' id='word_1_301' title='bbox 1326 2763 1386 2804; x_wconf 91' lang='lat' dir='ltr'>da</span> <span class='ocrx_word' id='word_1_302' title='bbox 1416 2761 1650 2817; x_wconf 86' lang='lat' dir='ltr'>Chapada,</span> <span class='ocrx_word' id='word_1_303' title='bbox 1683 2762 1836 2804; x_wconf 85' lang='lat' dir='ltr'>Bocca</span> 
     </span>
     <span class='ocr_line' id='line_1_41' title="bbox 212 2827 1836 2885; baseline 0.001 -15"><span class='ocrx_word' id='word_1_304' title='bbox 212 2830 273 2871; x_wconf 89' lang='lat' dir='ltr'>da</span> <span class='ocrx_word' id='word_1_305' title='bbox 315 2830 463 2879; x_wconf 85' lang='lat' dir='ltr'>Serra,</span> <span class='ocrx_word' id='word_1_306' title='bbox 507 2829 565 2870; x_wconf 87' lang='lat' dir='ltr'>ad</span> <span class='ocrx_word' id='word_1_307' title='bbox 606 2842 756 2883; x_wconf 79' lang='lat' dir='ltr'>rupeS,</span> <span class='ocrx_word' id='word_1_308' title='bbox 822 2834 885 2870; x_wconf 88' lang='lat'>15.</span> <span class='ocrx_word' id='word_1_309' title='bbox 920 2835 954 2873; x_wconf 89' lang='lat'>3.</span> <span class='ocrx_word' id='word_1_310' title='bbox 993 2834 1113 2880; x_wconf 81' lang='lat'>1894,</span> <span class='ocrx_word' id='word_1_311' title='bbox 1151 2834 1214 2872; x_wconf 89' lang='grc'>15.</span> <span class='ocrx_word' id='word_1_312' title='bbox 1248 2835 1287 2872; x_wconf 90' lang='grc'>6.</span> <span class='ocrx_word' id='word_1_313' title='bbox 1325 2833 1451 2881; x_wconf 84' lang='grc'>1894;</span> <span class='ocrx_word' id='word_1_314' title='bbox 1484 2844 1554 2885; x_wconf 90' lang='lat' dir='ltr'>pr.</span> <span class='ocrx_word' id='word_1_315' title='bbox 1587 2827 1676 2872; x_wconf 69' lang='lat' dir='ltr'>sao</span> <span class='ocrx_word' id='word_1_316' title='bbox 1705 2829 1836 2871; x_wconf 81' lang='lat' dir='ltr'>Jero—</span> 
     </span>
     <span class='ocr_line' id='line_1_42' title="bbox 214 2897 1832 2952; baseline 0 -14"><span class='ocrx_word' id='word_1_317' title='bbox 214 2911 368 2951; x_wconf 87' lang='lat' dir='ltr'>nymo,</span> <span class='ocrx_word' id='word_1_318' title='bbox 402 2897 460 2938; x_wconf 92' lang='lat' dir='ltr'>ad</span> <span class='ocrx_word' id='word_1_319' title='bbox 493 2910 654 2952; x_wconf 89' lang='lat' dir='ltr'>rupem</span> <span class='ocrx_word' id='word_1_320' title='bbox 685 2897 904 2951; x_wconf 85' lang='lat' dir='ltr'>apricam,</span> <span class='ocrx_word' id='word_1_321' title='bbox 938 2900 976 2938; x_wconf 91' lang='lat'>3.</span> <span class='ocrx_word' id='word_1_322' title='bbox 1010 2902 1049 2939; x_wconf 90' lang='lat'>6.</span> <span class='ocrx_word' id='word_1_323' title='bbox 1087 2902 1207 2946; x_wconf 83' lang='lat'>1894,</span> <span class='ocrx_word' id='word_1_324' title='bbox 1241 2911 1316 2940; x_wconf 90' lang='lat' dir='ltr'>no.</span> <span class='ocrx_word' id='word_1_325' title='bbox 1349 2901 1459 2941; x_wconf 82' lang='lat'>2745</span> <span class='ocrx_word' id='word_1_326' title='bbox 1490 2902 1537 2940; x_wconf 82' lang='lat' dir='ltr'>et</span> <span class='ocrx_word' id='word_1_327' title='bbox 1568 2901 1677 2941; x_wconf 85' lang='lat'>2749</span> <span class='ocrx_word' id='word_1_328' title='bbox 1708 2897 1760 2938; x_wconf 92' lang='lat' dir='ltr'>B.</span> <span class='ocrx_word' id='word_1_329' title='bbox 1781 2921 1832 2926; x_wconf 86' lang='lat'><strong>—</strong></span> 
     </span>
    </p>
   </div>
   <div class='ocr_carea' id='block_1_3' title="bbox 1873 3001 1878 3156">
    <p class='ocr_par' dir='ltr' id='par_1_7' title="bbox 1873 3001 1878 3156">
     <span class='ocr_line' id='line_1_43' title="bbox 1873 3001 1878 3156; baseline 0 0"><span class='ocrx_word' id='word_1_330' title='bbox 1873 3001 1878 3156; x_wconf 62' lang='lat' dir='ltr'>l</span> 
     </span>
    </p>
   </div>
   <div class='ocr_carea' id='block_1_4' title="bbox 1873 3163 1876 3190">
    <p class='ocr_par' dir='ltr' id='par_1_8' title="bbox 1873 3163 1876 3190">
     <span class='ocr_line' id='line_1_44' title="bbox 1873 3163 1876 3190; baseline 0 0"><span class='ocrx_word' id='word_1_331' title='bbox 1873 3163 1876 3190; x_wconf 70' lang='lat' dir='ltr'>l</span> 
     </span>
    </p>
   </div>
  </div>
 </body>
</html>
