1882 3190
177 123 228 160 66
457 128 609 157 ARKlv
639 119 732 158 Fon
762 129 993 159 BOTANIK.
1055 129 1186 157 BAND
1217 117 1280 158 13.
1344 128 1424 158 Nzo
1456 117 1519 158 13.

177 231 548 272 SleENBERGER
578 229 710 270 Notz'z
730 230 833 270 aber
854 229 1079 271 Parmelia
1102 228 1282 281 perlata.
1307 228 1443 269 Flora
1464 227 1553 269 vol.
1577 227 1798 278 LXXXI,

182 302 300 346 1888,
334 311 378 351 p.
416 301 507 339 143.
569 296 764 337 WAINIO
796 285 925 338 Etud.
960 297 1081 337 Lien.
1116 295 1262 336 Bre'sz'l
1294 295 1328 344 Ι,
1362 309 1407 349 p.
1441 298 1508 338 33.
1559 296 1670 338 Acta
1700 296 1798 338 Soc.

176 381 217 419 p.
251 366 413 406 Fauna
447 370 483 406 et
513 364 647 406 Flora
684 365 879 406 Fennica
901 364 990 405 vol.
1015 363 1117 411 VII,
1147 366 1266 404 1890.
1315 362 1428 404 HUE
1452 363 1667 405 Addenda
1687 377 1800 406 nova

176 447 249 474 no.
296 436 376 473 280
420 431 501 481 bis,
546 446 591 485 p.
635 435 730 474 332.
793 432 848 473 In
890 432 1036 472 Revue
1074 431 1125 472 de
1162 430 1410 484 Botemique
1452 434 1571 472 1888.
1633 431 1797 484 Ejusd.

174 501 385 542 Lichenes
415 500 591 541 Exotz‘ci
621 513 693 541 no.
728 504 822 549 614,
857 500 985 540 Paris
1012 501 1129 546 1892,
1165 511 1206 552 p.
1232 501 1286 540 74
1317 497 1416 546 (ubi
1446 499 1584 552 syn.),
1635 498 1797 552 Ejusd.

173 569 387 610 Licherzes
417 568 818 621 Extra-Europaei.
882 571 1022 608 Nouv.
1049 566 1180 607 Arch.
1203 565 1417 607 Museum
1437 566 1523 607 ser.
1544 570 1568 607 4
1585 580 1626 616 a,
1649 566 1739 607 vol.
1761 566 1797 616 I,

179 639 298 685 1899,
328 648 374 689 p.
410 639 504 677 206.
564 635 768 677 WILLEY
800 635 934 675 Notes
965 648 1020 675 on
1051 647 1168 674 some
1197 633 1339 675 North
1362 633 1602 675 American
1622 634 1802 687 Species

173 703 218 756 os
247 703 486 745 Parmelia.
533 703 768 744 Botanical
800 702 967 744 Gazette
1000 701 1087 742 vol.
1122 700 1255 750 XXI,
1293 705 1413 749 1896,
1436 715 1481 756 p.
1507 705 1601 744 204.
1648 702 1800 743 ZAHL-

173 783 442 812 BRUOKNER
471 771 684 812 Lichenes
714 771 760 811 in
791 770 1052 823 Eryebm'sse
1081 769 1157 810 der
1187 769 1266 810 bot.
1300 769 1414 823 Exp.
1451 803 1458 811 .
1485 802 1493 810 .
1520 803 1528 810 .
1551 769 1665 812 ‘nach
1686 769 1798 811 Sibd-

172 839 384 881 brasz'lz‘en
405 841 522 880 1901.
554 838 894 890 Denlcschristen
914 837 987 878 der
1009 837 1154 878 Math.
1178 842 1362 878 naturw.
1387 837 1462 878 ΚΖ.
1480 837 1556 878 der
1572 837 1631 878 K.
1652 837 1796 879 Alcad.

171 907 212 948 d.
253 906 621 959 Wissenschajterz
654 906 743 947 vol.
778 904 1049 951 LXXXIII,
1083 904 1214 945 Wien
1249 907 1370 954 1909,
1405 918 1448 959 p.
1485 905 1572 957 (75)
1609 909 1701 946 161.

285 974 472 1016 Thallus
504 973 787 1020 orbicularis,
820 973 958 1013 diam.
993 986 1138 1025 usque
1170 975 1219 1012 12
1242 986 1345 1021 cm.,
1370 971 1509 1026 vulgo
1531 977 1604 1014 sat
1625 972 1799 1027 rigidus

173 1042 340 1095 (rarius
361 1041 709 1091 molliusculus),
735 1040 1045 1094 irregulariter
1067 1039 1267 1088 lobatus,
1291 1039 1385 1081 lobi
1405 1041 1557 1081 minus
1578 1040 1799 1082 distincte

170 1110 420 1157 radiantes,
456 1109 631 1157 breves,
666 1112 802 1150 8-17
836 1120 942 1147 mm.
975 1106 1073 1152 lati.
1107 1106 1365 1156 rotundatu,
1399 1107 1567 1161 integri
1598 1107 1672 1148 vel
1692 1107 1798 1148 sub-

171 1179 350 1232 integri,
398 1176 626 1225 undulati,
678 1175 857 1223 bullati,
905 1175 1131 1228 margines
1177 1179 1388 1216 centrum
1419 1189 1579 1216 versus
1609 1175 1799 1216 adscen-

170 1246 347 1295 dentes,
394 1245 453 1286 ad
498 1244 801 1299 peripheriam
849 1243 951 1283 laxe
993 1243 1213 1297 adpressi.
1274 1242 1463 1284 Thallus
1494 1243 1621 1292 ciliis,
1653 1243 1798 1285 isidiis
1881 1239 1882 1254 ³

171 1318 218 1355 et
255 1313 446 1354 sorediis
476 1313 745 1361 destitutus,
785 1310 1063 1360 subnitidus,
1096 1310 1235 1352 crebre
1265 1311 1513 1363 ruqulosus,
1547 1311 1798 1352 continuus

171 1381 244 1423 vel
286 1381 391 1422 dein
428 1380 739 1434 irregulariter
772 1383 952 1433 ruptus.
1014 1377 1148 1419 Color
1178 1378 1692 1432 glaucescenti-albidus
1724 1378 1796 1420 vel

170 1449 569 1497 albido-cinereus,
617 1448 783 1489 subtus
827 1446 886 1487 ad
931 1446 1162 1488 ambitum
1203 1448 1330 1499 (5--8
1362 1446 1490 1498 mm.)
1535 1451 1795 1497 castaneus,

170 1517 360 1566 nitidus,
393 1516 558 1563 nudus
593 1520 798 1557 ceterum
830 1515 971 1567 niger,
1005 1514 1192 1555 rhizinis
1218 1513 1452 1564 brevibus,
1476 1514 1796 1556 concoloribus

172 1586 370 1626 vestitus
401 1584 470 1625 vel
505 1598 588 1638 pro
620 1587 754 1637 parte
785 1582 950 1623 nudus.

283 1653 451 1695 Cortex
497 1652 703 1706 superior
732 1650 942 1691 loborum
983 1650 1306 1704 marginalium
1342 1654 1518 1699 14——16‚
1551 1650 1657 1692 dein
1688 1654 1797 1692 20—

169 1723 221 1761 22
256 1735 282 1773 μ
313 1719 450 1767 altus,
484 1718 668 1773 hyphae
700 1718 882 1759 corticis
913 1717 1174 1772 adspersae,
1207 1718 1521 1767 indistinctae,
1554 1718 1798 1773 perpendi-

168 1787 359 1837 culares,
406 1786 840 1841 pachydermaticae
888 1790 1016 1839 (6-8
1063 1800 1091 1839 μ
1135 1785 1349 1837 crassae),
1397 1790 1623 1840 septatae‚
1670 1791 1797 1828 arcte

169 1856 427 1909 contiguae.
488 1853 690 1895 Medulla
720 1853 840 1902 alba,
879 1857 1098 1897 loo—130
1132 1853 1202 1895 vel
1226 1853 1438 1907 partibus
1461 1854 1797 1895 vetustioribus

172 1926 392 1964 180-200
438 1936 466 1975 μ
512 1921 621 1969 alta,
672 1921 854 1975 hyphae
900 1935 992 1963 non
1040 1921 1110 1962 vel
1156 1935 1294 1976 parce
1339 1922 1599 1976 adspersae,
1627 1925 1735 1963 3—4
1768 1937 1797 1975 μ

169 2004 362 2032 crassae.
406 1990 574 2031 Cortex
595 1989 783 2029 inferior
810 1993 972 2031 13-—14
1007 1991 1196 2042 (vetust.
1234 1988 1415 2039 18—20)
1450 2003 1477 2043 μ
1508 1989 1644 2039 altus,
1668 1990 1798 2044 niger

168 2059 238 2100 vel
272 2057 581 2113 peripheriam
614 2071 773 2098 versus
807 2057 1066 2111 fusconiger
1098 2056 1170 2098 vel
1201 2057 1490 2100 subdecolor.

282 2125 538 2180 Apothecia
581 2138 837 2174 numerosa,
871 2124 1162 2178 pedicellata,
1196 2124 1433 2167 urceolata
1464 2124 1537 2166 vel
1569 2139 1792 2176 concava;

167 2208 259 2235 non
304 2193 555 2248 perforata,
604 2192 807 2233 rotunda
849 2192 923 2234 vel
955 2197 1119 2234 mutua
1149 2193 1382 2247 pressione
1414 2193 1540 2234 varie
1571 2192 1794 2247 angulosa

167 2262 241 2303 Vel
273 2261 494 2306 flexuosa,
532 2263 693 2301 12—13
727 2274 831 2301 mm.
866 2260 1002 2302 diam.
1065 2260 1224 2314 Margo
1255 2260 1422 2309 tenuis,
1456 2261 1647 2314 integer,
1679 2259 1796 2302 bene

166 2329 381 2370 inflexus.
444 2327 810 2381 Receptaculum
856 2341 1071 2382 rugosum
1117 2327 1189 2369 vel
1235 2328 1376 2368 etiam
1419 2327 1792 2377 scrobiculatum,

168 2396 313 2438 thallo
353 2395 585 2445 concolor;
627 2399 785 2436 cortex
816 2395 1094 2449 receptaculi
1125 2394 1398 2449 irregularis,
1433 2398 1613 2444 40—50,
1645 2395 1795 2436 rarius
1831 2428 1835 2433 s

167 2478 313 2518 usque
344 2467 397 2505 80
433 2476 461 2517 μ
496 2462 632 2511 altus,
669 2466 803 2517 parte
834 2464 1060 2504 exteriore
1092 2464 1240 2504 fusco·
1263 2462 1336 2503 vel
1366 2462 1792 2511 fumoso-cinereus,

165 2536 369 2573 ceterum
390 2530 587 2579 decolor,
608 2544 663 2570 ex
681 2529 850 2582 hyphis
867 2529 1338 2583 perpendicularibus,
1356 2528 1792 2584 pachydermaticis,

174 2607 212 2648 ss
250 2598 493 2652 adspersis,
541 2602 668 2638 arcte
714 2597 954 2650 contiguis,
1004 2598 1245 2639 formatus.
1315 2596 1513 2638 Gonidia
1557 2597 1643 2638 sub
1689 2601 1794 2638 toto

168 2666 381 2720 excipulo
424 2670 470 2706 et
508 2664 628 2706 infra
659 2664 875 2705 corticem
907 2665 1186 2719 receptaculi
1216 2666 1263 2706 in
1294 2669 1443 2706 strato
1473 2665 1696 2706 continuo
1726 2665 1792 2705 in-

167 2734 308 2775 clusa.
379 2731 655 2786 Excipulum
707 2735 871 2772 20—25
923 2747 948 2786 μ,
999 2732 1159 2782 altum,
1211 2732 1408 2782 decolor,
1459 2731 1793 2786 hypothecium

170 2804 334 2842 20-25
368 2816 393 2854 μ
424 2800 585 2848 altum,
618 2799 903 2848 subdecolor,
938 2814 993 2840 ex
1024 2799 1194 2854 hyphis
1229 2808 1267 2848 ss
1306 2798 1671 2841 horizontalibus
1701 2799 1793 2840 for-

166 2873 359 2909 matum.
432 2867 596 2908 Discus
642 2866 820 2915 badius,
868 2867 1152 2920 epruinosus.
1223 2867 1508 2922 Hymenium
1554 2871 1719 2908 65—80
1764 2880 1791 2920 μ

168 2934 328 2982 altum,
376 2939 510 2988 parte
556 2935 790 2988 superiore
834 2933 980 2974 dilute
1025 2933 1429 2984 flavofuscescens,
1477 2938 1683 2976 ceterum
1713 2933 1791 2974 de-
