1882 3190
224 111 276 147 28
504 116 656 145 ARKIV
687 107 781 145 Fon
810 116 1041 145 ΒΟΤΑΝΙΚ.
1104 115 1237 144 BAND
1270 103 1332 144 13.
1394 115 1476 144 Nxo
1508 103 1571 145 13.

337 217 520 258 React.:
554 215 742 257 Thallus
773 216 909 257 KOH
939 220 1073 257 extus
1105 215 1374 264 flavescens,
1408 215 1534 255 intus
1555 215 1844 266 immutatus,

221 283 427 335 GaCl2O2
459 296 551 324 non
581 285 778 337 tingitur
802 284 904 336 (=).
952 284 1056 324 Asci
1086 282 1116 323 J
1144 283 1445 336 persistenter
1467 282 1843 331 caerulescenteS‚

220 351 508 405 paraphyses
540 356 586 392 et
617 351 819 405 gelatina
850 351 1055 405 hymenii
1084 349 1115 390 J
1146 351 1407 392 immutata.

333 419 558 460 Brasiliae
600 420 726 460 civit.
772 415 871 460 Rio'
898 418 1082 460 Grande
1113 417 1172 457 do
1204 416 1303 458 Sul:
1336 417 1478 458 Porto
1509 416 1671 471 Alegre
1703 421 1769 458 25.
1803 423 1842 459 9.

226 489 345 534 1892,
390 499 463 527 nO.
509 489 591 527 439
633 491 680 527 et
712 491 812 536 4613
859 486 1001 528 Santa
1032 485 1178 525 Maria
1210 488 1276 526 30.
1309 489 1349 526 4.
1387 487 1506 532 1893,
1539 498 1614 526 no,
1651 488 1756 526 1282
1788 485 1842 526 B.

335 553 459 594 Icon.
492 553 604 595 Tab.
642 558 677 603 l,
711 554 788 607 fig.
823 557 860 594 2.

335 620 420 662 Die
466 621 550 662 Art
594 622 656 662 ist
701 622 787 662 mit
832 620 1057 662 Parmelz'a
1101 620 1365 661 microsticta
1408 619 1561 660 MOLL.
1595 619 1712 661 ARG.
1747 634 1846 661 ver-

223 689 395 738 wanda
429 689 512 730 hat
543 688 654 730 aber
684 690 817 729 einen
849 688 1086 729 diinneren
1121 686 1310 728 Thallus
1332 700 1427 727 von
1446 686 1577 727 mehr
1598 687 1847 740 gelblicher

221 756 258 797 F
261 756 384 804 arbe,
417 756 616 798 kleinere
643 756 972 810 Lagerlappen‚
996 757 1201 809 grossere
1222 754 1397 808 Sporen
1419 754 1515 795 und
1535 754 1626 795 viel
1647 754 1846 796 kleinere

221 823 623 878 Pyknokonidien.
691 824 776 864 Die
813 821 1455 877 pseudoparenchymatische
1500 821 1753 863 Oberrinde
1783 824 1845 863 ist

223 891 296 932 fiir
326 891 399 932 die
429 905 570 945 ganze
603 891 790 945 Gruppc
822 889 1245 932 oharakteristisch.

595 1066 632 1101 4.
697 1060 943 1101 Pal-melia
975 1059 1296 1101 canaliculata
1327 1073 1370 1100 n.
1404 1073 1471 1113 sp.

336 1161 525 1202 Thallus
578 1166 628 1203 10
678 1175 761 1202 cm.
813 1160 949 1209 latus,
1002 1160 1105 1201 laxe
1150 1160 1337 1210 affixus,
1383 1160 1571 1214 fragilis,
1617 1160 1847 1214 profunde

225 1229 637 1277 lacerato-incisus,
671 1228 863 1269 laciniae
895 1228 1115 1280 elonqatae
1138 1233 1174 1269 et
1194 1233 1430 1280 anqustae:
1452 1231 1562 1268 2—4
1575 1241 1683 1268 mm.
1706 1228 1845 1277 latae,

223 1296 288 1337 bi·
315 1296 387 1337 vel
409 1296 547 1350 vulgo
570 1296 941 1344 tri-chotomiter,
965 1308 1113 1348 usque
1134 1295 1375 1349 palmatim
1393 1295 1583 1344 divisae,
1602 1299 1848 1349 congestae

222 1369 269 1405 et
311 1364 595 1413 imbricatae,
650 1363 873 1404 lacinulae
917 1367 1156 1416 angustae,
1208 1365 1315 1403 1—2
1356 1376 1463 1405 mm.
1511 1362 1648 1412 latae,
1681 1362 1847 1404 discre-

224 1435 312 1480 tae,
358 1430 848 1485 crispato—undulatae‚
888 1430 1208 1472 canaliculatae
1250 1429 1325 1471 vel
1355 1431 1486 1484 apice
1517 1444 1561 1485 p.
1593 1444 1653 1471 m.
1686 1430 1845 1484 appla-

224 1503 376 1548 natae,
423 1498 651 1539 rotundae
697 1503 742 1539 et
788 1497 1260 1539 sinuato-crenulatae
1301 1497 1371 1539 ve]
1404 1502 1664 1547 truncatae,
1697 1499 1846 1540 rarius

223 1567 536 1621 emarginatae
580 1566 653 1607 vel
698 1566 972 1620 apiculatae.
1033 1565 1222 1606 Thallus
1267 1579 1474 1619 rugosus,
1518 1566 1698 1619 punctis
1731 1566 1846 1608 albis

222 1634 490 1687 prominulis
525 1634 664 1675 crebre
699 1634 951 1677 instructus.
990 1633 1179 1674 sorediis
1210 1637 1256 1674 et
1286 1633 1431 1674 isidiis
1462 1633 1731 1682 destitutus,
1764 1633 1847 1674 fla-

224 1701 656 1742 vescenti-cinereus
702 1701 773 1741 vel
816 1700 1084 1750 flavescens,
1126 1701 1279 1742 subtus
1307 1700 1502 1742 concolor
1532 1701 1605 1742 vel
1636 1705 1845 1742 centrum

224 1783 382 1810 versus
413 1782 577 1822 parum
609 1768 862 1818 obscurior3
896 1768 989 1809 fere
1020 1768 1319 1809 erhizinosus.

336 1836 503 1878 Cortex
549 1837 754 1890 superior
803 1840 963 1877 18-26
1007 1851 1035 1890 μ
1081 1836 1217 1886 altus,
1257 1840 1390 1890 parte
1431 1836 1655 1877 exteriore
1684 1836 1848 1877 leviter

223 1903 512 1952 obscuratus,
533 1909 733 1945 ceterum
756 1903 953 1953 decolor,
973 1918 1029 1944 ex
1044 1903 1212 1958 hyphis
1230 1902 1844 1958 pseudoparenohymaticis,

222 1972 472 2013 luminibus
519 1972 776 2024 conspicuis
823 1971 893 2012 vel
940 1972 1080 2012 etiam
1118 1971 1297 2024 magnis
1329 1971 1569 2025 separatis,
1603 1970 1844 2012 formatus.

222 2038 424 2079 Medulla
469 2037 589 2087 alba,
637 2042 831 2079 80—250
876 2053 901 2092 μ,
940 2038 1050 2087 alta,
1084 2038 1269 2092 hyphae
1300 2037 1575 2079 medullares
1605 2037 1709 2079 laxe
1740 2051 1846 2079 con-

223 2111 396 2155 textae,
444 2110 553 2146 3—5
600 2120 628 2159 μ
673 2120 865 2154 crassae,
913 2119 1005 2146 non
1051 2105 1124 2147 vel
1158 2117 1326 2158 parum
1357 2105 1615 2160 adspersae.
1676 2105 1846 2147 Cortex

223 2173 410 2215 inferior
445 2177 606 2215 16-20
638 2174 726 2224 (25)
760 2188 787 2227 μ
818 2174 953 2223 altus,
987 2173 1260 2215 subdecolor
1291 2173 1364 2214 vel
1395 2172 1667 2214 flavescens.

336 2241 595 2295 Apothecia
626 2240 827 2282 breviter
858 2241 1147 2295 pedicellata,
1181 2241 1328 2295 primo
1359 2254 1577 2290 concava,
1610 2241 1716 2282 dein
1741 2240 1847 2282 sub-

221 2310 328 2364 plan
336 2324 376 2359 a,
390 2323 647 2358 numerosa,
664 2323 800 2362 saepe
816 2309 1115 2359 confluentia,
1126 2308 1359 2362 perforata,
1374 2309 1520 2351 rarius
1531 2308 1845 2363 imperforata.

224 2377 587 2432 Receptaculum
619 2376 764 2417 thallo
795 2377 1019 2426 concolor,
1053 2390 1268 2430 rugosum
1299 2381 1346 2418 et
1371 2376 1511 2417 dense
1533 2377 1846 2431 prominenter

222 2445 630 2499 albo-punctatum
673 2444 746 2485 vel
788 2444 1145 2493 albo-striatum,
1178 2449 1337 2486 cortex
1367 2443 1645 2498 receptaculi
1677 2443 1859 2498 irregu-'

222 2513 342 2562 laris,
391 2516 585 2554 50—100
632 2527 658 2565 μ
703 2512 838 2561 altus,
872 2517 1004 2565 parte
1035 2513 1260 2553 exteriore
1299 2513 1598 2561 cinerascenS,
1641 2516 1844 2553 ceterum

223 2581 407 2622 decolor
453 2580 524 2622 vel
569 2580 709 2621 etiam
755 2580 948 2629 luciduS,
992 2580 1176 2634 hyphae
1213 2581 1396 2621 corticis
1427 2579 1843 2634 perpendiculares,

223 2648 358 2689 valde
404 2647 854 2701 pachydermaticae‚
902 2652 1028 2688 arcte
1070 2649 1326 2702 contiguae,
1360 2652 1585 2702 septatae.
1648 2647 1847 2688 Gonidia

223 2715 309 2756 sub
341 2715 550 2769 excipulo
581 2719 628 2756 et
666 2714 783 2755 infra
815 2715 1029 2755 corticem
1060 2714 1338 2769 receptaculi
1369 2716 1416 2755 in
1446 2719 1595 2756 strato
1625 2715 1846 2755 continuo

222 2783 463 2837 disposita.
526 2782 684 2836 Margo
716 2783 881 2831 tenuis,
915 2783 1090 2837 integer
1114 2783 1185 2824 vel
1208 2783 1385 2824 minute
1407 2782 1686 2831 crenulatus,
1709 2795 1845 2835 saepe

225 2850 340 2890 bene
372 2850 606 2891 incurvus.
658 2849 934 2902 Excipulum
956 2850 1153 2899 decolor,
1179 2853 1343 2891 20—25
1368 2864 1393 2903 μ.
1415 2849 1575 2898 altum,
1599 2863 1654 2890 ex
1677 2848 1846 2903 hyphis

224 2917 656 2971 pachydermaticis,
705 2917 947 2965 intricatiS,
995 2917 1260 2967 formatum,
1305 2917 1391 2958 sub
1428 2921 1531 2958 toto
1561 2915 1844 2970 hypothecio
