1882 3190
38 145 215 182 LYNGE,
249 144 687 174 PSEUDOPARMELIA
719 145 830 174 GEN.
865 144 979 174 NOV.
1014 145 1118 174 UND
1150 145 1395 174 PARMELIA
1427 146 1536 174 AOH.
1606 138 1658 176 49

150 245 375 287 Parmelia
419 245 641 287 latissima
683 259 779 287 var.
817 245 1053 297 subruqata
1084 245 1206 286 NYL.
1240 246 1365 300 apud
1396 246 1658 287 KREMPEL-

37 325 205 354 HUBER
236 313 264 354 l.
298 327 334 354 c.
367 327 412 366 p.
438 316 530 357 321.
582 313 996 354 KREMPELHUBER
1027 313 1238 354 Lichenes
1266 314 1374 367 Rep.
1399 314 1656 367 Arqentina.

38 381 173 422 Flora
204 380 293 421 vol.
326 379 450 429 LXI,
488 384 608 429 1878,
642 394 686 434 p.
721 383 814 423 463.

150 447 328 488 Exsicc.
362 447 579 489 WAINIO:
613 448 825 489 Lichenes
854 447 1151 489 Brasv'lz'enses
1182 461 1254 488 no.
1290 452 1386 490 994.

545 685 642 713 var.
676 673 874 713 arcuata
905 685 1011 712 n0V.
1047 685 1145 712 var.

148 772 336 814 Thallus
383 776 432 814 10
474 787 558 814 cm.
594 773 731 822 latus,
764 772 963 821 lobatus;
1001 771 1094 813 lobi
1131 772 1307 822 breves,
1346 778 1418 815 sat
1455 776 1656 828 angusti,

35 845 145 882 5——8
190 854 296 881 mm.
344 840 441 890 lati,
489 842 539 881 in
580 841 744 882 {obulos
785 839 1107 890 adscendentes,
1148 854 1334 894 parvos,
1379 846 1541 883 acutos
1586 843 1656 884 vel

34 908 257 963 digitatos
304 908 376 950 vel
423 909 549 950 varie
593 908 779 958 divisos,
825 923 870 964 p.
918 921 976 949 m.
1010 907 1259 956 revolutos,
1298 909 1436 950 crebre
1466 910 1655 952 dissecti.

34 976 222 1017 Thallus
267 976 458 1018 sorediis
504 980 550 1017 et
596 975 739 1017 isidiis
785 975 1053 1024 destitutus,
1103 975 1306 1016 breviter
1351 977 1392 1027 (l
1438 984 1564 1028 mm.)
1612 983 1657 1019 et

33 1043 239 1098 disperse
285 1043 481 1093 ciliatus,
529 1043 787 1097 laevigatus
835 1042 907 1083 vel
957 1050 994 1090 ss
1048 1042 1302 1097 rugulosus,
1351 1044 1658 1097 irregulariter

34 1115 215 1165 ruptus,
249 1110 633 1165 glaucocinereus‚
667 1111 818 1152 subtus
847 1110 905 1152 ad
930 1110 1145 1151 ambitam
1165 1110 1249 1152 late
1268 1110 1396 1152 albus
1418 1111 1486 1152 vel
1510 1113 1656 1153 rarius

34 1179 180 1220 dilute
212 1184 470 1227 castaneus,
504 1178 799 1228 erhizinosus‚
833 1182 1035 1219 ceterum
1059 1179 1201 1233 niger,
1226 1178 1365 1220 dense
1386 1184 1433 1220 et
1455 1178 1656 1221 breviter

33 1246 303 1295 rhizinosus,
351 1246 554 1287 rhizinae
600 1249 764 1287 50—55
814 1260 838 1299 μ.
885 1260 1076 1295 crassae,
1124 1246 1352 1287 indivisae
1398 1247 1466 1288 vel
1509 1249 1655 1289 rarius

34 1328 255 1355 ramosae.

144 1381 314 1423 Cortex
358 1381 569 1435 supe-rior
613 1381 812 1430 decolor,
861 1384 1026 1423 20—25
1059 1395 1087 1435 μ
1129 1381 1266 1431 altus,
1311 1381 1498 1436 hyphae
1540 1384 1655 1424 indi-

31 1450 243 1499 stinctae,
263 1449 520 1503 adspersae,
540 1453 765 1502 septatae,
785 1462 1005 1499 ramosae,
1024 1453 1156 1504 parte
1174 1449 1388 1491 inferiore
1406 1450 1656 1492 luminibus

33 1518 291 1571 conspicuis
322 1522 577 1571 separatae,
600 1521 734 1571 parte
756 1517 981 1558 exteriore
1003 1521 1130 1558 arcte
1151 1517 1410 1571 contiguae.
1456 1518 1656 1560 Medulla

37 1588 255 1627 llo—175
289 1599 314 1639 μ.
357 1584 468 1634 alta,
511 1584 630 1634 alba,
669 1583 853 1638 hyphae
883 1587 992 1625 3—5
1023 1599 1052 1632 μ
1083 1598 1276 1633 crassae,
1318 1593 1354 1632 ὲ
1393 1585 1653 1639 adspersae,

32 1651 171 1693 dense
203 1656 462 1694 contextae.
508 1651 707 1693 Gonidia
727 1651 864 1693 diam.
899 1655 1037 1694 8—10
1061 1666 1101 1706 μ.
1151 1651 1318 1694 Cortex
1342 1652 1526 1694 inferior
1550 1658 1654 1695 15—

34 1723 87 1761 20
120 1734 145 1774 μ
176 1719 312 1769 altus,
345 1719 530 1760 decolor
560 1719 633 1760 vel
664 1719 937 1773 fusconiger,
963 1719 1148 1774 hyphae
1179 1720 1363 1761 corticis
1395 1720 1652 1775 adspersae,

31 1791 139 1830 6-7
173 1802 201 1841 μ
232 1801 425 1837 crassae,
458 1792 586 1828 arcte
617 1787 860 1842 contiguae
893 1787 963 1828 vel
991 1787 1098 1829 dein
1121 1787 1373 1829 luminibus
1395 1790 1653 1843 conspicuis

31 1860 290 1909 separatae.
831 1852 833 1855 ’
1535 1856 1538 1860 ’

144 1922 402 1977 Apothecia
433 1936 690 1971 numerosa,
723 1922 860 1964 diam.
885 1926 1023 1965 7-10
1045 1936 1167 1972 mm.,
1192 1923 1509 1977 imperforata‚
1533 1924 1653 1965 ecili-

31 1995 124 2040 ata,
148 1990 354 2032 breviter
376 1990 664 2045 pedicellata.
704 1990 863 2045 Margo
886 1991 1001 2032 bene
1023 1990 1235 2040 inflexus,
1260 1991 1416 2033 crebre
1439 1991 1653 2033 dentato-

30 2058 314 2108 crenulatus;
363 2058 704 2112 receptaculum
746 2072 964 2113 rugosum
1003 2058 1075 2100 vel
1106 2059 1247 2100 etiam
1278 2059 1651 2110 scrobiculatum,

30 2125 175 2167 thallo
207 2126 439 2175 concolor;
474 2131 634 2167 cortex
661 2126 937 2180 receptaculi
961 2129 1013 2167 25
1036 2141 1064 2180 μ
1086 2126 1223 2175 altus,
1247 2127 1445 2175 decolor,
1470 2126 1652 2181 hyphae

30 2194 212 2234 corticis
255 2193 672 2248 perpendiculares,
718 2194 1168 2249 pachydermaticae,
1214 2194 1464 2236 luminibus
1495 2196 1653 2249 parvis

29 2267 284 2315 separatae.
332 2261 531 2303 Gonidia
561 2261 647 2302 sub
684 2266 786 2303 toto
819 2261 1029 2316 excipulo
1051 2266 1097 2303 et
1119 2261 1240 2304 infra
1262 2263 1478 2303 corticem
1500 2277 1653 2316 recep-

30 2329 172 2370 taculi
193 2333 341 2370 strato
363 2330 584 2370 continuo
606 2328 794 2371 inclusa.
839 2330 1117 2384 Excipulum
1138 2330 1224 2371 sub
1247 2334 1349 2371 toto
1370 2329 1652 2384 hypothecio

29 2401 76 2437 et
121 2397 180 2437 ad
223 2397 368 2438 latera
410 2396 614 2451 hymenii
651 2397 902 2446 evolutum,
937 2401 989 2438 20
1021 2412 1049 2451 μ
1079 2397 1241 2447 altum,
1274 2397 1471 2447 decolor,
1505 2397 1651 2452 hypo-

29 2463 180 2505 thecio
231 2469 304 2506 sat
355 2464 514 2505 simile.
586 2464 934 2519 Hypothecium
978 2465 1265 2514 subdecolor,
1316 2469 1368 2506 20
1414 2480 1442 2519 μ
1487 2465 1648 2507 altum.

28 2531 195 2573 Discus
239 2546 485 2581 concavus,
529 2545 715 2585 opacus,
759 2533 1046 2586 epruinosus.
1107 2532 1391 2587 Hymenium
1431 2535 1592 2574 70—90
1624 2548 1651 2587 μ

26 2599 180 2649 altum,
227 2604 358 2652 parte
394 2599 628 2653 superiore
660 2599 890 2641 lutescens
921 2599 994 2641 vel
1023 2600 1297 2641 fuscescens.
1359 2599 1650 2655 Paraphyses

27 2666 278 2720 gelatinam
308 2667 491 2708 firmam
522 2671 854 2721 percurrentes,
884 2667 1136 2717 filiformes,
1161 2668 1290 2721 apice
1313 2681 1405 2708 non
1427 2667 1650 2709 incrassa-

27 2739 116 2783 tae,
149 2734 448 2776 indistinctae
479 2739 525 2776 et
547 2733 753 2776 increbre
775 2739 1000 2789 septatae,
1024 2747 1480 2784 ramoso-connexae,
1503 2737 1649 2778 rarius

28 2801 251 2843 indivisae
282 2802 352 2843 vel
385 2802 608 2843 furcatae.
667 2801 774 2843 Asci
804 2802 974 2850 ovales,
1008 2806 1174 2845 65—70
1210 2816 1235 2855 μ
1266 2802 1390 2856 longi
1415 2807 1461 2844 et
1482 2806 1648 2845 33—35

27 2883 55 2922 μ
86 2870 241 2918 crassi,
274 2869 538 2910 membrana
571 2869 804 2918 mediocri,
837 2871 966 2924 apice
997 2869 1160 2911 leviter
1190 2870 1459 2920 incrassata,
1493 2871 1646 2920 cincti,

23 2937 269 2990 octospori.
321 2936 492 2991 Sporae
524 2936 590 2978 bi'-
615 2936 686 2978 vel
720 2936 1026 2978 tri-serialiter
1046 2936 1312 2991 dispositae,
1336 2936 1644 2991 ellipsoideae‚

140 3019 248 3048 Arlciv
273 3021 328 3057 fiir
352 3019 498 3049 botanik.
547 3019 646 3048 Band
671 3020 722 3048 13.
774 3019 839 3048 Nso
864 3021 916 3048 13.
1535 3020 1555 3050 4
