1882 3190
58 171 236 207 LYNGE,
270 169 706 199 PSEUDOPARMELIA
739 168 850 197 GEN.
885 166 996 195 NOV.
1032 166 1134 195 UND
1168 166 1412 194 PARMELIA
1445 166 1554 195 ΑΕΗ.
1623 159 1676 196 53

59 283 266 334 tingitur.
320 280 424 321 Asci
455 278 485 320 J
517 280 818 332 persistenter
848 276 1221 324 caerulescentes‚
1251 277 1451 327 gelatina
1474 276 1673 331 hymenii

55 354 102 390 et
133 347 417 402 paraphyses
450 360 541 387 non
575 346 852 387 colorantur.

168 415 391 456 Brasiliae
437 415 562 454 civit.
610 414 756 454 Minas
793 412 974 460 Geraes,
1008 411 1095 453 Sao
1125 411 1244 452 Josio
1275 411 1363 452 d'el
1398 412 1496 466 Rey
1529 414 1597 452 31.
1633 416 1671 451 8.

62 486 181 531 1892,
215 495 287 522 no.
323 485 399 522 201
434 480 486 529 Β,
520 481 576 521 ad
611 481 841 522 corticem.

508 663 603 689 var.
640 647 883 690 sorediata
914 646 1066 687 Mem..
1101 646 1218 686 Ano.

167 749 371 790 MULLER
403 749 614 791 Lichenes
645 748 1010 789 sslontevz'denses.
1068 746 1212 788 Reme
1248 746 1549 799 Mycoloqique
1582 746 1671 786 vol.

53 816 112 865 X,
150 820 268 865 1888,
302 829 346 870 p.
387 819 423 857 2.
487 816 682 858 lVAINIO
710 803 848 857 E'tude
868 814 990 856 Licin.
1015 814 1160 855 Bresil
1183 813 1217 859 I,
1242 827 1286 867 p.
1311 817 1378 853 49.
1441 813 1551 854 Acta
1572 814 1667 854 Soc.

53 898 96 937 p.
131 884 295 925 Fauna
326 888 363 924 et
395 884 529 925 Flora
559 883 758 924 Fennica
790 881 879 922 vol.
913 881 1016 930 VII,
1055 884 1175 922 1890.

165 950 352 992 Thallus
384 950 665 999 orbicularis,
699 949 835 990 diam.
864 952 913 990 10
936 962 1036 997 cm.,
1061 947 1154 989 lobi
1177 948 1351 996 breves
1381 951 1542 988 10—20
1564 961 1670 988 mm.

51 1018 147 1067 lati,
196 1018 311 1059 bene
357 1018 606 1066 radiantes,
653 1017 710 1058 ad
757 1016 1005 1070 marginem
1049 1014 1383 1057 adscendentes
1428 1015 1499 1055 vel
1532 1015 1672 1056 etiam

50 1086 295 1135 recurvati,
328 1085 573 1134 imbricati,
607 1084 859 1133 rotundati,
892 1084 1021 1137 apice
1050 1082 1402 1124 sinuato-lobati
1425 1082 1496 1122 vel
1518 1096 1673 1135 grosse

49 1153 448 1194 sinuato-crenati.
518 1151 705 1193 Thallus
750 1153 927 1192 minute
973 1149 1361 1192 albo-maculatus
1407 1150 1671 1203 (praecipue

49 1220 372 1270 madefactus),
393 1219 599 1261 maculae
621 1219 966 1274 punctiformes,
987 1218 1193 1259 breviter
1209 1218 1402 1259 striatae
1419 1216 1492 1258 vel
1510 1218 1672 1258 astroi-

48 1287 179 1336 deae;
214 1286 383 1328 thallus
415 1287 558 1328 isidiis
586 1286 853 1335 destitutus,
884 1285 1153 1327 sorediatus:
1180 1285 1360 1326 soredia
1382 1285 1532 1339 primo
1556 1284 1671 1325 bene

47 1353 303 1395 rotundata
317 1354 536 1405 (soralia),
551 1353 658 1395 dein
675 1353 974 1402 confluentia;
995 1352 1169 1394 thallus
1184 1352 1385 1393 ciliatus:
1405 1351 1508 1393 cilia
1526 1352 1670 1405 nigra,

49 1421 221 1470 brevia,
255 1427 450 1462 cornuta
473 1421 544 1462 vel
567 1435 704 1475 parce
724 1434 919 1469 ramosa,
943 1419 1003 1461 ad
1025 1420 1158 1461 basin
1181 1423 1262 1461 200
1284 1434 1312 1473 μ
1334 1433 1500 1468 crassa,
1525 1431 1670 1472 usque

51 1492 74 1530 2
104 1502 212 1529 mm.
245 1487 394 1542 longa.
457 1488 590 1530 Color
621 1487 1010 1542 cinereo-glaucus
1041 1487 1113 1528 vel
1146 1488 1210 1538 (in
1233 1486 1495 1538 herbario'3)
1519 1487 1565 1527 in
1589 1486 1672 1527 fla-

51 1559 314 1597 vescentem
346 1569 551 1610 vergens,
585 1555 750 1597 subtus
781 1557 920 1609 niger,
954 1555 1013 1596 ad
1044 1555 1270 1596 ambitum
1303 1559 1500 1608 anguste
1522 1558 1672 1595 casta-

50 1637 176 1664 neus.
236 1623 426 1664 Thallus
458 1623 517 1664 ad
548 1624 800 1677 marginem
830 1622 969 1677 vulgo
991 1628 1187 1676 anguste
1208 1623 1503 1671 erhizinosus,
1527 1622 1671 1662 rarius

49 1703 195 1744 usque
217 1690 277 1731 ad
298 1691 473 1744 apicem
496 1690 704 1731 laborum
727 1690 1002 1740 rhizinosus;
1026 1690 1228 1731 rhizinae
1248 1690 1419 1743 nigrae,
1444 1689 1669 1730 indivisae

50 1757 121 1799 vel
152 1757 360 1799 furcatae
394 1758 465 1799 vel
496 1771 717 1807 ramosae,
751 1762 916 1800 40—45
949 1772 977 1811 μ
1008 1771 1200 1799 crassae.

161 1824 406 1867 Structura
437 1826 619 1867 corticis
649 1825 968 1879 medullaeque
999 1830 1051 1866 ut
1082 1825 1129 1866 in
1161 1826 1324 1879 specie.

162 1892 417 1947 Apothecia
447 1906 582 1947 parce
603 1892 809 1943 evoluta;
842 1906 1000 1947 margo
1021 1894 1212 1945 integer,
1245 1900 1281 1940 ss
1310 1891 1540 1933 sorediose
1565 1891 1671 1932 fati-

48 1973 197 2010 scens;
230 1960 574 2014 receptaculum
609 1969 645 2008 ss
680 1960 961 2014 rugulosum,
995 1960 1294 2009 somdiosum,
1328 1964 1484 2001 cortex
1516 1973 1669 2013 recep-

48 2027 189 2068 taculi
221 2031 387 2070 20——70
420 2029 509 2079 (80)
543 2042 571 2081 μ
602 2027 745 2078 altus;
777 2027 962 2081 gonidia
993 2027 1078 2070 sub
1110 2027 1321 2082 excipulo
1353 2032 1398 2068 et
1431 2026 1550 2067 infra
1571 2040 1668 2066 cor-

47 2094 186 2135 ticem
231 2095 511 2149 receptaculi
554 2096 599 2135 in
631 2100 780 2136 strato
811 2096 1032 2136 continuo
1063 2095 1303 2149 disposita,
1337 2094 1456 2136 infra
1484 2099 1668 2148 partem

46 2162 299 2203 centralem
330 2163 513 2204 corticis
545 2167 702 2203 tamen
734 2161 829 2204 fere
858 2162 1040 2204 desunt.
1085 2162 1369 2216 Hymenium
1396 2167 1665 2215 angustum:

46 2233 212 2271 50—55
250 2244 278 2284 μ
322 2229 485 2279 altum,
534 2234 683 2271 strato
727 2230 948 2284 amorpho
993 2230 1202 2271 decolore
1244 2235 1433 2271 tectum.
1495 2229 1667 2283 Sporae

46 2296 255 2347 obtusae,
288 2297 381 2338 late
412 2297 567 2339 ovales
598 2297 671 2338 vel
702 2298 841 2338 etiam
872 2297 1190 2352 subglobosae,
1213 2303 1409 2351 anguste
1429 2296 1664 2345 limbatae,

51 2367 216 2405 10—13·
244 2379 271 2418 μ
302 2364 465 2418 longae
495 2371 542 2406 et
573 2368 711 2406 6-10
743 2380 770 2418 μ
801 2379 993 2406 crassae.

156 2431 496 2485 Conceptacula
527 2431 969 2486 pycnoconidiorum
1000 2433 1248 2473 immatura
1279 2445 1536 2480 numerosa,
1560 2444 1666 2472 evo-

45 2497 146 2539 luta
209 2500 455 2553 praecipue
511 2501 633 2540 inter
684 2499 862 2540 soredia
910 2499 1133 2553 juvenilia
1177 2513 1269 2541 non
1315 2513 1432 2548 rara,
1480 2498 1670 2553 globosa

45 2565 118 2606 vel
150 2565 592 2621 depresso-globosa,
626 2580 811 2619 magna:
848 2571 925 2609 185
958 2582 985 2621 μ
1016 2567 1126 2617 alta,
1161 2571 1242 2608 240
1274 2581 1301 2620 μ
1332 2567 1441 2609 lata.
1489 2566 1666 2621 Pycno-

46 2631 227 2673 conidia
272 2646 409 2686 parce
452 2633 653 2683 evoluta,
698 2638 748 2674 ut
778 2634 964 2676 videtur
993 2634 1246 2675 difformia:
1280 2638 1420 2683 recta,
1453 2633 1667 2675 subrecta

45 2699 118 2740 vel
149 2705 356 2749 arcuata,
390 2700 655 2754 cylindrica‚
693 2704 853 2742 10—14
886 2716 913 2755 μ
944 2702 1093 2756 longa,
1126 2706 1277 2751 0,7—1
1312 2716 1340 2755 μ.
1371 2715 1537 2742 crassa.

157 2767 371 2808 Ceterum
402 2772 456 2808 ut
487 2768 532 2808 in
565 2768 728 2822 specie.

161 2833 284 2875 Icon.
317 2833 429 2875 Tab.
468 2839 502 2884 l,
535 2834 612 2889 fig.
648 2839 686 2876 6.

157 2902 425 2954 Arqentinae
462 2903 589 2943 civit.
622 2902 805 2944 Buenos
838 2902 984 2945 Aires:
1017 2903 1194 2952 Zarate,
1228 2904 1274 2944 in
1305 2902 1431 2944 delta
1461 2902 1665 2944 fluminis

44 2967 237 3017 Paranai,
269 2968 327 3009 ad
360 2968 571 3010 arborem
604 2969 881 3023 (Populum),
915 2974 1037 3012 7—9.
1072 2974 1110 3011 9.
1149 2974 1269 3011 1894.
