1882 3190
85 96 262 133 LYNGE,
295 94 734 125 PSEUDOPARMELIA
769 94 881 124 GEN.
905 94 1015 124 Nov.
1042 94 1145 124 UND
1178 94 1426 123 PARMELIA
1456 94 1567 124 ΑΕΗ.
1630 86 1706 125 117

195 197 357 239 React.
404 195 593 238 Thallus
624 195 759 237 KOH
791 200 924 237 extus
946 196 1220 237 immutatus
1242 195 1314 236 vel
1337 196 1415 236 vix
1437 194 1706 244 flavescens,

82 267 209 308 intus
254 278 346 305 non
385 264 606 313 afficitur,
640 262 832 316 CaCl2O2
865 267 1000 304 extus
1032 264 1320 312 immutatus,
1355 263 1477 304 intus
1508 264 1708 312 rubescit,

83 332 284 374 medulla
328 331 464 373 KOH
489 340 524 376 ÷
546 330 750 384 Ca01202
797 331 1014 372 rubescit.
1077 330 1360 385 Hymenium
1391 331 1421 372 J
1452 332 1631 372 intense
1662 336 1708 371 et

82 401 382 456 persistenter
413 399 698 441 caerulescit.

193 467 418 509 Brasiliae
464 468 590 509 civit.
636 467 787 508 Matto
833 466 1021 508 Grosso:
1076 465 1208 508 Serra
1253 466 1312 507 da
1356 466 1590 521 Chapada,
1636 479 1707 521 pr.

81 536 231 577 Bocca
261 534 321 576 da
353 534 501 584 Serra,
535 540 574 576 5.
608 539 644 576 6.
682 538 802 584 1894,
837 548 909 575 no.
944 537 1067 576 2750.
1130 533 1277 588 Supra
1308 548 1458 589 rupes.
1512 583 1516 586 .

223 602 349 645 Icon.
382 603 494 644 Tab.
530 607 568 652 2,
601 603 677 656 fig.
713 606 838 644 3—4.

464 765 530 802 52.
592 761 837 805 Pal-melia
869 760 1162 804 viridescens
1194 774 1237 802 n.
1271 775 1338 814 sp.

192 874 380 915 Thallus
403 899 453 903 —
489 880 540 916 ut
572 874 758 916 videtur
780 898 833 902 —-
855 873 1137 922 orbicularis,
1161 873 1299 915 diam.
1325 878 1432 915 4—5
1457 888 1557 923 cm.‚
1583 881 1708 916 arcte

81 942 340 997 adpressus,
385 942 570 997 fragilis,
615 942 806 984 laciniae
836 941 1013 996 longae,
1053 942 1168 982 bene
1199 941 1449 988 radiantes,
1482 942 1706 992 discretae,

83 1025 149 1053 ca.
188 1015 205 1052 1
241 1025 347 1052 mm.
398 1011 536 1060 latae,
583 1010 862 1064 inaequales,
917 1010 1047 1064 apice
1093 1009 1387 1059 rotundatae,
1433 1009 1610 1064 planae,
1642 1010 1708 1051 di-

84 1085 329 1133 vergenter
386 1079 607 1128 furcatae,
662 1083 898 1132 postremo
942 1078 1100 1119 lobulis
1145 1078 1422 1119 secundariis
1464 1080 1712 1120 numerosis

81 1148 246 1201 parvis,
279 1152 461 1200 anquste
491 1146 664 1199 affixis,
700 1147 950 1188 instructae.
1029 1145 1219 1187 Thallus
1250 1145 1407 1195 isidiis,
1441 1146 1629 1187 sorediis
1662 1152 1709 1188 et

82 1214 196 1256 ciliis
217 1214 487 1264 destitutus,
512 1214 784 1268 laevigatus,
809 1214 1091 1268 subopacus;
1117 1219 1276 1255 cortex
1299 1215 1561 1261 continuus,
1586 1214 1709 1256 color

78 1283 498 1324 cinereo-virescens.
561 1281 749 1323 Thallus
794 1295 940 1335 usque
986 1282 1046 1323 ad
1092 1282 1346 1336 marginem
1391 1282 1596 1323 rhiziniis
1642 1283 1706 1323 in-

76 1354 298 1399 structus,
333 1350 535 1392 rhizinae
568 1356 742 1399 tenues,
778 1353 943 1391 25—40
976 1364 1004 1404 μ
1036 1364 1229 1391 crassae.

191 1418 359 1460 Cortex
401 1419 609 1473 superior
648 1417 936 1468 subdecolor,
974 1421 1135 1460 12—16
1168 1434 1196 1472 μ
1227 1418 1370 1469 altus3
1416 1418 1599 1473 hyphae
1632 1418 1706 1460 ad-

80 1501 276 1542 spersae,
301 1486 613 1536 indistinctae,
638 1492 814 1536 tenues,
839 1491 965 1528 arcte
987 1488 1232 1539 contiguae
1254 1491 1301 1528 et
1318 1486 1476 1528 crebre
1493 1492 1706 1541 septatae

82 1554 746 1609 (pseudoparenchymaticae).
808 1553 1011 1596 Medulla
1042 1553 1161 1603 alba,
1196 1558 1391 1596 55—110
1423 1569 1450 1607 μ
1482 1555 1592 1604 alta,
1626 1555 1708 1609 hy-

79 1623 199 1678 phae
230 1622 504 1664 medullares
536 1637 628 1664 non
659 1622 917 1677 adspersae,
951 1625 974 1663 3
1010 1638 1035 1676 μ.
1068 1636 1262 1664 crassae.
1321 1622 1490 1665 Cortex
1521 1623 1709 1664 inferior

79 1691 237 1733 fuscus
268 1691 342 1732 vel
373 1691 666 1744 fusco-niger,
704 1694 865 1734 12—17
898 1705 925 1745 μ
957 1690 1093 1732 altus.

193 1757 452 1813 Apothecia
472 1772 734 1807 numerosa,
759 1757 973 1807 rotunda,
998 1757 1136 1799 diam.
1161 1762 1308 1807 l—l,5
1329 1772 1450 1808 mm„
1471 1757 1526 1799 ad
1537 1771 1703 1811 pressa,

78 1841 171 1868 non
201 1827 455 1880 perforata.
508 1826 665 1880 Margo
696 1827 863 1874 tenuis,
897 1826 1175 1875 crenulatus,
1210 1826 1443 1868 interdum
1465 1830 1708 1880 concepta-

78 1895 190 1937 culis
220 1894 666 1950 pycnoconidiorum
696 1895 1019 1949 inconspicuis,
1044 1895 1212 1949 parvis,
1236 1895 1471 1942 immersis
1498 1898 1704 1936 ornatus.

80 1963 444 2017 Receptaculum
488 1963 630 2017 niger,
677 1976 908 2017 rugosum,
956 1963 1162 2017 disperse
1207 1962 1499 2011 rhizinosum,
1547 1968 1705 2003 cortex

80 2031 359 2086 receptaculi
391 2034 556 2072 25—40
590 2031 753 2083 (rarius
785 2044 929 2084 usque
960 2030 1029 2081 50)
1067 2045 1092 2084 μ.
1124 2030 1259 2080 altus,
1293 2031 1419 2085 niger
1450 2030 1523 2071 vel
1554 2030 1705 2071 fusco-

78 2101 220 2154 niger,
253 2099 309 2140 ad
344 2099 593 2153 marginem
625 2098 772 2140 solum
805 2104 1000 2152 anguste
1031 2098 1229 2140 decolor.
1283 2098 1480 2140 Gonidia
1512 2098 1597 2139 sub
1630 2112 1707 2138 ex-

79 2167 233 2222 cipulo
276 2167 322 2207 in
364 2171 512 2208 strato
544 2167 765 2209 continuo
797 2167 925 2208 tenui
958 2166 1197 2221 disposita,
1232 2166 1351 2207 infra
1385 2166 1606 2207 corticem
1639 2179 1706 2207 re-

81 2234 310 2290 ceptaculi
340 2234 522 2276 desunt.
575 2234 854 2289 Excipulum
888 2238 1050 2276 15—25
1075 2250 1101 2289 μ
1132 2234 1293 2283 altum,
1327 2234 1414 2275 sub
1436 2239 1537 2275 toto
1560 2232 1704 2288 hypo-

83 2303 235 2345 thecio
267 2307 314 2343 et
345 2302 403 2343 ad
436 2302 582 2344 latera
613 2302 817 2357 hymenii
850 2302 1101 2352 evolutum,
1136 2302 1215 2343 sed
1237 2303 1388 2343 minus
1410 2301 1702 2351 distinctum;

80 2370 411 2426 hypothecium
442 2370 639 2420 decolor,
674 2374 839 2412 20—25
872 2385 899 2424 μ
930 2370 1090 2412 altum.
1152 2370 1318 2412 Discus
1348 2370 1528 2424 planus,
1561 2369 1706 2410 dilute

79 2439 258 2488 badius,
282 2452 375 2479 non
394 2438 655 2492 pruinosus.
678 2438 963 2493 Hymenium
984 2452 1181 2493 superne
1204 2438 1476 2487 fuscescens,
1503 2444 1705 2478 ceterum

81 2506 278 2555 decolor,
337 2519 429 2546 non
475 2506 747 2560 inspersum,
796 2510 961 2548 50—60
1005 2521 1033 2560 μ
1075 2505 1235 2553 altum,
1285 2510 1434 2546 strato
1479 2504 1703 2559 amorpho

82 2579 155 2616 sat
201 2587 355 2615 crasso
402 2575 530 2624 (6-8
561 2588 589 2627 μ
619 2573 732 2623 alto)
780 2578 972 2615 tectum.
1047 2573 1337 2628 Paraphyses
1382 2574 1511 2627 apice
1542 2573 1704 2614 leviter

83 2641 591 2690 clavato-incrassatae,
639 2641 878 2690 indivisae,
927 2643 1177 2683 constricte
1218 2646 1265 2682 et
1305 2646 1378 2682 sat
1415 2641 1572 2682 crebre
1607 2655 1706 2695 sep—

83 2714 225 2751 tatae.
269 2709 375 2750 Asci
406 2713 600 2763 anguste
632 2708 816 2758 clavati,
851 2712 1015 2750 32-40
1048 2724 1075 2762 μ
1106 2709 1242 2763 longi,
1276 2712 1460 2758 6‚5—10
1492 2723 1519 2762 μ
1551 2709 1704 2758 crassi,

83 2777 330 2831 octospori,
379 2776 647 2817 membrana
692 2777 821 2830 apice
865 2777 1118 2818 incrassata
1160 2777 1313 2818 cincti.
1393 2776 1559 2830 Sporae
1604 2777 1704 2818 sub-

82 2844 276 2897 qlobosae
306 2844 370 2885 vel
399 2844 614 2892 ovoideae,
647 2844 747 2885 uni·
778 2844 849 2884 vel
870 2844 1103 2885 interdum
1125 2844 1418 2885 bi-serialiter
1439 2844 1703 2898 dispositae,

82 2917 279 2966 anguste
310 2911 544 2962 limbatae,
578 2916 733 2961 4‚5——6
766 2926 794 2966 μ
824 2911 985 2966 longae
1016 2917 1063 2953 et
1094 2917 1119 2952 4
1153 2926 1178 2965 μ
1210 2926 1404 2953 crassae.
