1882 3190
65 103 245 139 LYNGE,
279 103 716 132 PSEUDOPARMELIA
749 103 860 132 GEN.
894 103 1006 132 NOV.
1040 103 1142 133 UND
1173 104 1419 133 PARMELIA
1450 105 1560 134 ΑΕΗ.
1630 97 1680 135 37

60 204 249 252 crenati,
283 203 342 244 ad
374 204 626 257 marginem
651 216 687 251 ss
713 203 1065 252 adscendentes,
1098 204 1253 254 esiliam,
1279 204 1380 245 cilia
1407 209 1552 253 l—l,5
1574 218 1680 246 mm.

57 271 207 324 longa,
254 271 466 311 indivisa.
528 270 715 312 Thallus
761 271 1020 319 continuus,
1066 285 1263 323 ruqosus,
1303 272 1580 322 subnitidus,
1614 286 1684 313 so-

57 338 192 379 rediis
223 342 270 378 et
301 337 444 379 isidiis
474 338 741 388 destitutus,
774 338 1159 390 ymmo—cinereus,
1185 338 1351 380 subtus
1373 340 1430 380 ad
1454 340 1682 381 ambitum

57 404 203 446 dilute
246 410 489 446 castaneus
532 405 604 446 vel
641 404 837 454 albidus,
869 404 1034 453 nudus,
1068 409 1273 446 ceterum
1305 407 1444 459 niger,
1478 407 1682 461 disperse

57 471 326 514 rhizinosus.

169 539 337 580 Cortex
377 541 584 594 superior
627 543 787 581 16—25
821 555 846 593 μ
878 539 1014 588 altus,
1048 538 1233 593 hyphac
1266 544 1289 580 8
1324 555 1349 593 μ.
1381 555 1569 591 crassae,
1603 541 1682 583 ad-

56 620 254 660 spersae,
302 611 526 661 septatae,
575 619 794 655 ramosae,
838 611 970 661 parte
1007 608 1231 648 exteriore
1267 608 1680 662 perpendiculareS,

56 679 183 715 arcte
214 675 473 726 contiguae.
525 674 724 716 Medulla
755 674 874 723 alba,
912 678 1182 728 120——21011⁴
1214 674 1323 724 alta,
1358 675 1540 729 hyphae
1573 682 1680 719 3-—5

58 756 84 795 μ
114 754 306 791 crassae,
341 755 433 782 non
465 742 537 783 vel
568 755 731 796 parum
762 741 1020 795 adspersae.
1073 741 1242 783 Cortex
1276 742 1462 783 inferior
1482 744 1679 794 decolor,

54 808 328 850 subdecolor
373 809 444 850 vel
491 810 630 863 niger,
679 812 842 850 10—16
886 822 1030 863 usque
1068 812 1120 850 22
1153 824 1180 862 μ
1212 809 1355 859 altus;
1390 810 1572 864 hyphac
1603 812 1681 853 ad-

53 889 250 930 spersae,
283 876 733 931 pachydermaticae,
768 880 994 930 septatae.

49 997 51 999 ¹
168 943 425 998 Apothecia
457 948 565 985 6-8
596 957 703 984 mm.
737 943 891 993 diam„
923 944 1124 985 rotunda
1156 944 1228 985 vel
1260 949 1425 986 mutua
1446 947 1679 999 pressione

53 1011 289 1064 angulosa,
331 1025 550 1060 concava,
589 1011 902 1065 imperforata,
936 1012 1140 1053 breviter
1171 1012 1461 1066 pedicellata.
1522 1014 1681 1068 Margo

56 1079 171 1120 bene
222 1080 456 1126 incurvus,
509 1084 723 1121 erenatus
774 1079 847 1120 vel
891 1079 1338 1130 dentato-erenatus,
1391 1080 1590 1122 breviter
1635 1088 1682 1124 et

54 1146 259 1201 disperse
288 1148 481 1189 ciliatus.
534 1147 900 1200 Receptaculum
931 1147 1075 1189 thallo
1107 1147 1335 1197 concolor,
1369 1162 1586 1202 rugosum
1609 1150 1680 1191 vel

54 1214 433 1264 scrobiculatum;
475 1219 634 1256 cortex
665 1214 945 1268 receptaculi
976 1215 1250 1269 irregularis,
1285 1219 1451 1257 40—80
1483 1231 1511 1270 μ
1541 1217 1678 1266 altus,

53 1287 187 1336 parte
209 1283 435 1323 exteriore
457 1282 699 1330 lutescenS,
719 1287 924 1323 ceterum
945 1281 1140 1332 decolor,
1161 1282 1344 1337 hyphae
1363 1292 1398 1331 ᾖς
1420 1283 1679 1338 adspersae,

53 1348 560 1403 subperpendiculares,
584 1353 812 1403 septatae,
837 1348 1285 1404 pachydermaticae,
1309 1350 1558 1392 luminibus
1580 1365 1682 1405 par-

53 1417 122 1457 vis
154 1421 410 1470 separatae.
474 1416 672 1458 Gonidia
703 1416 789 1458 sub
821 1416 1034 1470 excipulo
1065 1422 1111 1458 et
1142 1417 1263 1458 infra
1290 1419 1506 1459 corticem
1528 1433 1682 1473 recep-

54 1483 196 1525 taculi
233 1488 385 1525 strato
417 1485 639 1525 continuo
670 1484 859 1525 inclusa.
921 1484 1085 1527 Discus
1117 1484 1296 1534 badius,
1330 1499 1516 1540 opacus,
1549 1500 1681 1540 epru-

52 1552 224 1593 inosus.
285 1551 565 1606 Excipulum
597 1552 684 1593 sub
716 1556 818 1593 toto
850 1551 1131 1606 hypothecio
1161 1556 1205 1593 et
1228 1552 1285 1593 ad
1308 1552 1457 1594 latera·
1478 1553 1681 1607 hymenii

53 1619 310 1669 evolutum,
341 1619 540 1669 decolor,
576 1623 740 1661 25—15
775 1634 800 1672 μ.
832 1619 993 1661 altum.
1055 1619 1402 1674 Hypothecium
1435 1621 1677 1671 lutescens,

56 1691 218 1728 15—25
265 1702 306 1741 μ,
352 1687 564 1741 excipulo
607 1686 854 1729 subsimile.
915 1687 1081 1729 Discus
1114 1687 1292 1738 badius,
1327 1702 1513 1742 opacus,
1547 1703 1679 1743 epru-

52 1755 222 1796 inosus.
255 1754 539 1809 Hymenium
562 1758 729 1796 55—80
747 1768 774 1808 μ
795 1754 957 1802 altum,
982 1754 1122 1809 vulgo
1140 1755 1380 1804 lutescens,
1400 1756 1680 1809 epithecium

52 1823 324 1876 inspersum.
385 1822 678 1877 Paraphyses
719 1822 970 1876 gelatinam
1012 1822 1193 1863 firmam
1225 1828 1560 1877 percurrentes,
1593 1824 1680 1865 fili-

52 1890 234 1938 formes,
267 1891 396 1944 apice
427 1904 521 1931 non
553 1891 848 1939 incrassatae,
872 1894 1100 1944 septatae,
1123 1890 1350 1932 indivisae
1371 1890 1444 1932 vel
1467 1891 1603 1944 vulgo
1634 1900 1671 1939 ὲ

51 1971 273 2007 ramosae,
306 1957 540 1999 interdum
561 1971 1012 2000 ramoso-connexae.
1074 1957 1179 1999 Asci
1202 1957 1387 2008 clavati,
1412 1958 1679 2000 membrana

51 2025 283 2075 mediocri,
326 2025 455 2079 apice
498 2025 662 2066 leviter
704 2025 974 2074 incrassata,
1008 2026 1161 2073 cincti,
1195 2027 1443 2080 octospori.
1505 2026 1678 2081 Sporae

53 2092 324 2134 biserialiter
355 2093 622 2146 dispositae,
656 2092 960 2147 ellipsoideae,
994 2093 1124 2147 apice
1155 2093 1450 2140 rotundatae,
1484 2099 1678 2148 anguste

51 2159 270 2201 limbatae
302 2161 342 2212 (1
377 2159 438 2214 μ),
477 2164 723 2209 13,5-18,5
760 2174 787 2213 μ
818 2159 993 2214 longae,
1028 2163 1178 2210 7—9,5
1216 2175 1241 2215 μ
1273 2175 1464 2202 crassae.

163 2227 502 2282 Conceptacula
533 2227 977 2282 pycnoconidiorum
1008 2242 1267 2278 numerosa,
1300 2229 1502 2282 globosa,
1537 2228 1675 2270 diam.

51 2299 218 2337 60-90
250 2309 292 2349 μ,
325 2295 430 2336 dein
461 2294 902 2349 depresso-globosa,
940 2298 1159 2337 130—160
1191 2310 1218 2350 μ
1248 2296 1359 2346 alta,
1398 2300 1616 2338 160—170
1651 2312 1676 2350 μ.

51 2362 162 2404 lata.
223 2362 543 2404 Perifulcrium
588 2363 913 2417 fusconigrum,
962 2364 1183 2405 verticem
1225 2378 1383 2405 versus
1420 2364 1598 2417 nigrum
1630 2369 1676 2405 et

50 2432 370 2472 incrassatum.
443 2430 611 2472 Fulcra
660 2430 1037 2480 endobasidialia,
1089 2430 1268 2472 basidia
1318 2431 1675 2485 subcylindrica,

52 2502 189 2540 8—10
213 2512 241 2552 μ
262 2497 411 2552 longa,
440 2501 590 2547 1,5—2
612 2512 640 2552 μ
662 2512 828 2540 crassa.
877 2498 1221 2553 Pycnoconidia
1242 2504 1383 2548 recta,
1408 2499 1674 2553 cylindrica,

52 2569 162 2608 7-8
194 2567 256 2617 (9)
290 2580 318 2619 μ
348 2566 498 2619 longa,
532 2569 727 2614 O,5-—-O,7
763 2581 791 2619 μ
822 2579 988 2607 crassa.

164 2633 324 2674 React.
365 2632 552 2675 Thallus
583 2632 718 2674 KOH
749 2637 883 2674 extus
915 2633 1182 2683 flavescens,
1218 2635 1343 2675 intus
1376 2634 1678 2688 persistenter

50 2701 338 2749 immutatus,
372 2700 577 2752 CaCl2O2
608 2705 741 2742 extus
772 2706 819 2742 et
840 2702 967 2742 intus
989 2715 1081 2742 non
1105 2701 1349 2750 coloratur,
1375 2701 1453 2742 sed
1476 2702 1677 2744 medulla

50 2767 449 2820 KOH—l-CaCl2O2
480 2767 740 2810 rubescens.
790 2768 910 2811 Gilia
941 2769 1075 2811 ΚΘΗ
1106 2769 1528 2811 caeruleo-violacea.
1577 2770 1674 2824 Hy-

51 2837 253 2877 menium
283 2836 313 2877 J
344 2837 646 2890 persistenter
675 2836 956 2886 caerulescit,
990 2837 1235 2891 praecipue
1266 2838 1373 2880 asci.
