1882 3190
47 131 223 166 LYNGE,
258 129 691 160 Psi-:UDoPAmrEMA
722 128 832 158 oux.
865 127 977 157 xov.
1010 126 1114 156 UND
1145 126 1388 155 PARMELIA
1422 126 1531 156 Acri.
1605 118 1658 157 79

48 231 213 274 Fulcra
257 229 634 277 endobasidialia,
668 228 844 270 basidia
875 233 1069 281 anguste
1100 226 1364 280 ellipsoidea
1396 226 1466 267 vel
1499 226 1663 280 subcy-

47 298 254 346 lindrica‚
287 301 395 339 7-8
428 311 454 349 μ
484 295 633 348 longa,
669 299 692 337 2
716 311 742 349 μ
773 308 939 336 crassa.
991 293 1331 347 Pyenoconidia
1356 300 1494 342 recta,
1517 293 1663 334 altero

46 367 176 420 apice
206 369 470 418 angustata,
505 369 612 404 4—(5
645 377 673 416 μ
703 363 850 416 longa,
884 365 950 409 O,5
988 375 1014 413 :¹-
1045 374 1211 401 crassa.

162 431 321 472 React.
381 429 568 470 Thallus
602 428 734 470 KOH
765 434 901 469 extus
932 427 1077 468 dilute
1110 426 1365 468 flavescens
1397 427 1467 468 vel
1500 429 1658 468 immu-

47 505 189 547 tatus,
236 497 437 539 medulla
478 504 614 551 parte
658 497 891 550 superiore
935 494 1160 535 intensius
1191 493 1369 535 flavens
1411 494 1658 542 coloratur,

48 571 180 621 parte
202 565 413 607 inferiore
434 564 862 612 roseo-violascen33
897 561 1068 603 thallus
1089 559 1281 613 CaCl2O2
1305 575 1385 602 nec
1408 570 1554 610 extus,
1579 575 1662 602 nec

46 635 171 675 intus
221 631 467 674 coloratur.
530 632 635 672 Asci
682 630 713 672 J
762 630 1060 684 persistenter
1105 627 1480 676 caerulescentes,
1530 642 1662 682 para-

47 699 216 756 physes
247 705 293 741 et
324 699 524 752 gelatina
556 698 757 752 hymenii
787 697 818 739 J
848 698 1109 738 immutata.

159 767 381 808 Brasiliae
413 767 539 807 civit.
592 766 742 806 Matto
773 765 959 806 Grosso:
1007 762 1149 804 santa
1182 763 1314 803 Anna
1346 762 1404 804 da
1427 762 1661 817 Chapada.

47 834 102 876 In
144 835 346 888 margine
377 833 570 874 silvulae
604 834 863 887 »capociraw
896 836 1129 879 vetustae3
1176 830 1234 871 ad
1267 831 1498 871 corticem.
1549 833 1586 871 2.
1623 835 1659 872 3.

51 905 171 950 1894,
203 915 278 943 no.
311 905 433 943 2477.

159 968 513 1010 Unterscheidet
564 967 659 1009 sich
712 979 817 1008 vom
865 966 1022 1020 Typus
1070 964 1216 1006 durch
1266 964 1338 1005 die
1377 964 1664 1017 zweifarbige

49 1035 376 1078 Markschicht.
438 1036 522 1076 Die
561 1035 732 1089 Sporen
772 1033 872 1076 sind
915 1039 1057 1074 etwas
1093 1032 1281 1081 kleiner,
1314 1032 1425 1072 aber
1455 1031 1527 1072 die
1560 1032 1663 1072 Asci

48 1117 200 1145 waren
231 1103 360 1145 nicht
391 1117 507 1157 ganz
538 1102 637 1144 reif.
689 1102 773 1143 Die
803 1100 951 1142 Farbe
983 1101 1040 1141 ist
1073 1098 1271 1141 dunkler
1303 1099 1398 1139 und
1429 1098 1501 1139 die
1524 1097 1663 1140 Ober-

47 1171 177 1212 rinde
207 1170 400 1219 starker,
433 1170 609 1212 worauf
638 1169 757 1210 doch
788 1168 893 1209 kein
924 1180 1101 1221 grosses
1133 1166 1340 1208 Gewicht
1362 1180 1416 1207 zu
1440 1165 1566 1219 legen
1589 1166 1661 1206 ist.

454 1397 520 1434 29.
580 1393 823 1436 Par-melia
855 1391 1078 1436 Merrillii
1108 1405 1153 1432 n.
1186 1404 1254 1445 sp.

158 1505 346 1547 Thallus
368 1505 528 1550 mollis,
552 1505 939 1553 membranaceus,
963 1503 1063 1545 laxe
1084 1503 1344 1558 adpressus,
1369 1507 1392 1543 5
1416 1516 1501 1543 cm.
1525 1502 1663 1543 latus.

47 1573 160 1615 Lobi
205 1573 319 1614 bene
364 1572 612 1621 radiantes,
660 1571 874 1626 elongati,
918 1575 1028 1612 5—6
1059 1584 1165 1611 mm.
1198 1570 1294 1620 lati,
1340 1569 1583 1610 rotundati
1615 1574 1662 1610 et

48 1639 286 1687 crenulati,
320 1640 504 1689 furcati,
539 1639 845 1693 irregulariter
874 1639 1016 1686 incisi,
1049 1639 1255 1692 contigui
1286 1637 1358 1678 vel
1381 1636 1664 1691 marginibus

48 1707 284 1750 undulatis
315 1707 647 1755 subimbricati,
686 1706 798 1747 ciliis
828 1707 956 1754 atris,
985 1709 1090 1746 1—-2
1122 1719 1227 1746 mm.
1260 1705 1421 1758 longis,
1454 1704 1664 1745 indivisis

48 1775 118 1816 vel
166 1774 386 1829 plumosis
431 1774 640 1815 increbre
686 1774 917 1823 instructi,
960 1773 1150 1814 sorediis
1182 1778 1228 1814 et
1258 1772 1402 1813 isidiis
1434 1771 1662 1812 destituti.

46 1843 200 1885 Cortex
219 1843 469 1886 continuus.
495 1841 665 1882 thallus
687 1842 940 1894 laeviqatzcs.
963 1841 1076 1882 color
1095 1841 1474 1893 qlancocinereus:
1496 1839 1662 1881 subtus

46 1909 519 1963 reticulato-rugosus,
578 1910 624 1950 in
681 1907 859 1950 ambitu
903 1907 1049 1949 dilute
1093 1914 1338 1949 castaneus
1396 1906 1465 1947 vel
1518 1907 1663 1947 lut-eo-

46 1977 316 2025 fuscescens,
349 1977 516 2025 nudus,
550 1982 752 2018 ceterum
782 1977 922 2030 niger,
955 1975 1049 2017 fere
1079 1974 1376 2016 erhizinosus.

158 2044 326 2086 Cortex
370 2045 578 2098 superior
625 2047 788 2084 13—16
819 2058 848 2097 μ
891 2043 1027 2092 altus,
1074 2042 1261 2097 hyphae
1303 2042 1562 2096 adspersae,
1596 2041 1661 2081 iu-

44 2111 306 2160 distinct-ae‚
352 2111 767 2166 perpendiculares,
818 2115 926 2154 7—-8
958 2126 984 2165 μ
1024 2103 1217 2159 crassae,
1264 2114 1490 2165 septatae,
1534 2114 1662 2150 arcte

45 2181 306 2233 contiguae.
357 2179 558 2220 Medulla
586 2179 723 2220 diluta
753 2179 1005 2232 sulphurea,
1033 2182 1252 2220 llo—160
1285 2192 1311 2231 μ
1342 2176 1452 2226 alta,
1476 2175 1662 2230 hyphae

46 2250 156 2289 3—5
189 2262 216 2300 μ.
253 2261 442 2295 crassae,
491 2255 528 2294 ss
567 2247 825 2300 adspersae,
871 2247 1116 2300 praecipue
1159 2246 1208 2286 in
1250 2250 1384 2300 parte
1428 2244 1664 2298 superiore

46 2314 285 2356 medullae.
345 2314 514 2356 Cortex
545 2313 734 2354 inferior
764 2313 1037 2368 fusconiger,
1073 2317 1236 2356 13——15
1270 2327 1296 2366 μ
1326 2311 1462 2353 altus.

160 2381 415 2436 Apothecia
445 2387 517 2422 sat
550 2394 806 2429 numerosa,
830 2380 1037 2435 dispersa
1059 2385 1105 2422 et
1125 2379 1328 2421 rotunda
1350 2379 1423 2420 vel
1445 2382 1663 2432 congesta

46 2454 92 2490 et
134 2454 296 2490 mutua
332 2449 564 2502 pressione
595 2447 829 2501 angulosa,
862 2448 1096 2502 adpressa,
1130 2447 1334 2489 breviter
1364 2446 1523 2494 affixa,
1557 2459 1663 2486 con·

45 2530 160 2558 cava
190 2516 264 2558 vel
294 2515 400 2557 dein
431 2515 585 2570 plana,
618 2529 710 2556 non
731 2515 980 2569 perforata.
1027 2515 1187 2569 Margo
1207 2514 1444 2562 dentatus,
1467 2513 1660 2561 efflatus,

46 2583 148 2625 cilia
180 2589 231 2625 ut
261 2585 309 2624 in
338 2585 545 2637 margine
575 2582 798 2624 loborum.
859 2582 1222 2637 Receptaculum
1254 2593 1484 2635 rugosum,
1517 2579 1663 2621 thallo

46 2650 278 2699 concolor;
311 2654 469 2691 cortex
500 2649 778 2703 receptaculi
807 2649 1004 2698 decolor,
1037 2653 1204 2691 50-80
1235 2662 1264 2702 μ
1293 2647 1455 2696 altum,
1479 2646 1664 2702 hyphae

45 2718 228 2758 corticis
258 2716 672 2772 perpendiculares,
702 2715 1154 2771 pachydermaticae,
1187 2720 1413 2770 septatae.
1465 2713 1663 2756 Gonidia

46 2783 133 2826 sub
173 2783 384 2838 excipulo
424 2784 471 2825 in
507 2789 656 2824 strato
687 2785 908 2825 continuo
939 2796 1092 2825 crasso
1122 2789 1169 2825 et
1199 2784 1246 2824 in
1277 2787 1426 2824 strato
1455 2781 1663 2823 tenuiore

46 2851 166 2892 infra
210 2852 427 2892 corticem
472 2850 749 2904 receptaculi
795 2850 1035 2905 disposita.
1107 2848 1383 2903 Excipulum
1430 2847 1516 2889 sub
1560 2852 1663 2889 toto

47 2916 328 2972 hypothecio
358 2924 404 2959 et
434 2917 496 2959 ad
524 2917 671 2959 latera
701 2917 907 2972 hymenii
937 2917 1191 2966 evolutum,
1223 2915 1421 2965 decolor,
1447 2918 1611 2957 25-30
1634 2928 1662 2969 μ
