1882 3190
225 109 303 147 152
506 115 660 145 Assxrv
691 105 787 145 Fon
815 115 1046 146 BOTANIK.
1107 115 1241 144 BAND
1273 103 1336 145 13.
1397 114 1480 146 N:o
1511 103 1575 145 13.

221 221 416 271 anguste
461 216 630 266 affixis,
677 216 976 258 denticulatis
1021 215 1095 257 vel
1139 215 1376 269 papillosis
1421 215 1494 257 vel
1537 215 1852 269 irregulariter

219 286 388 333 incisis,
421 284 692 326 instructae,
739 284 928 326 Thallus
959 283 1086 332 ciliis,
1110 282 1300 327 sorediis
1321 282 1556 336 isidiisque
1577 282 1848 331 destitutus,

219 353 350 394 dense
371 352 754 406 plicato-rimosus,
773 352 1055 406 subopacus;
1079 355 1239 392 cortex
1257 350 1525 400 continuus;
1549 349 1673 391 color
1689 349 1851 391 ochro-

220 420 377 461 leucus
408 419 481 461 Vel
513 420 804 469 stramineus‚
837 420 884 460 in
905 420 1210 460 virescentem
1231 431 1440 472 vergens,
1464 416 1631 459 subtus
1651 417 1708 459 ad
1732 431 1850 458 mar-

221 489 373 542 ginem
403 487 576 536 fuscus,
621 492 827 530 ceterum
858 488 999 541 niger.
1061 485 1249 527 Thallus
1280 484 1342 527 ad
1370 486 1550 539 apicem
1579 484 1851 527 laciniarum

218 555 406 596 rhizinis
451 555 706 597 destitutus
752 555 825 596 vel
871 556 1049 596 minute
1096 552 1365 607 papillosus,
1414 557 1619 594 ceterum
1662 552 1853 594 rhizinis

221 624 362 678 nigris
394 622 615 665 brevibus
645 624 918 664 instructus,

337 690 503 733 Cortex
544 691 754 745 superior
783 690 981 738 decolor,
1020 691 1184 730 13——25
1216 702 1244 742 μ,
1275 688 1414 738 altus,
1447 687 1634 743 hyphae
1665 687 1852 729 corticis

222 758 639 814 perpendiculares,
699 758 951 799 constricte
1007 760 1234 810 septatae,
1298 755 1560 810 adspersae,
1625 769 1850 804 ramosae,

221 831 355 881 parte
405 826 629 869 exteriore
678 830 804 867 arcte
849 825 1110 878 contiguae,
1149 828 1294 878 parte
1339 823 1555 867 inferiore
1599 822 1853 864 luminibus

223 900 296 937 sat
340 895 600 949 conspicuis
644 898 901 948 separatae,
945 897 1105 934 cortex
1148 897 1301 934 strato
1351 891 1589 946 amorpho,
1625 895 1649 933 2
1682 905 1708 945 μ
1739 890 1851 939 alto,

223 967 390 1005 tectus.
450 961 653 1003 Medulla
694 961 815 1011 alba,
861 963 1054 1002 90—135
1089 974 1115 1014 μ
1145 959 1256 1010 alta,
1298 959 1484 1014 hyphae
1522 958 1797 1000 medullares
1829 961 1853 999 2

224 1033 305 1071 —3
337 1045 365 1084 μ
397 1043 589 1080 crassae,
636 1042 775 1084 parce
820 1028 1078 1082 adspersae,
1124 1041 1260 1082 parce
1305 1040 1516 1069 ramosae
1546 1030 1593 1068 et
1624 1030 1852 1080 septatae.

225 1097 423 1139 Gonidia
468 1097 607 1139 diam.
643 1100 751 1140 7—9
797 1111 837 1150 μ..
913 1095 1082 1137 Cortex
1128 1095 1319 1137 inferior
1366 1109 1563 1144 crassus,
1614 1098 1664 1136 15
1709 1106 1858 1147 usque

225 1170 279 1208 40
310 1180 338 1219 μ
368 1165 506 1213 altus,
539 1165 711 1206 fuscus,

338 1232 595 1287 Apothecia
626 1242 885 1282 numerosa,
919 1231 1127 1286 dispersa
1158 1236 1205 1273 et
1225 1230 1441 1281 rotunda,
1466 1231 1613 1273 rarius
1635 1232 1856 1284 congesta

224 1307 271 1343 et
316 1305 478 1342 mutua
520 1301 758 1355 pressione
803 1299 1039 1354 angulosa,
1078 1299 1283 1341 breviter
1312 1299 1529 1354 stipitata
1559 1297 1634 1340 vel
1664 1297 1853 1346 sessilia‚

224 1383 318 1411 non
349 1369 599 1424 perforata,
632 1368 770 1409 diam.
805 1372 914 1408 4—5
946 1381 1053 1408 mm.
1100 1367 1261 1422 Margo
1282 1367 1516 1417 incurvus,
1540 1370 1757 1408 crenatus
1781 1364 1855 1406 vel

222 1438 369 1479 rarius
390 1438 587 1491 integer;
621 1435 965 1491 receptaculum
1000 1449 1234 1489 rugosum,
1258 1434 1404 1477 thallo
1426 1433 1641 1476 concolor
1651 1449 1661 1484 ;
1694 1437 1856 1475 cortex

222 1504 503 1560 receptaculi
545 1503 743 1553 decolor,
788 1507 954 1545 50-—80
986 1517 1014 1557 μ
1045 1502 1183 1552 altus,
1228 1501 1414 1558 hyphae
1445 1502 1630 1544 corticis
1661 1514 1856 1556 perpen-

224 1572 463 1622 diculares,
495 1571 945 1626 pachydermaticae,
979 1570 1328 1625 subcontiguae.
1390 1569 1589 1611 Gonidia
1619 1568 1705 1610 sub
1736 1569 1857 1610 exci-

224 1639 333 1695 pulo
378 1644 425 1681 et
470 1639 590 1681 infra
637 1639 856 1680 corticem
887 1637 1169 1692 receptaculi
1200 1639 1247 1679 in
1278 1642 1429 1680 strato
1461 1637 1684 1679 continuo
1713 1635 1856 1678 inclu-

224 1723 288 1750 sa.
365 1707 643 1762 Excipulum
687 1706 884 1756 decolor,
938 1710 1100 1748 15—25
1146 1721 1171 1761 μ.
1217 1705 1381 1756 altum,
1429 1705 1515 1747 sub
1561 1708 1665 1746 toto
1712 1704 1858 1759 hypo-

225 1776 377 1818 thecio
408 1781 455 1817 et
486 1775 546 1817 ad
575 1775 723 1816 latera
753 1774 956 1829 hymenii
988 1774 1244 1824 evolutum,
1277 1774 1357 1816 ubi
1388 1774 1435 1815 in
1466 1773 1685 1815 corticem
1707 1777 1856 1813 trans-

225 1845 337 1893 iens,
371 1858 427 1885 ex
457 1842 627 1898 hyphis
659 1842 1097 1897 pachydermaticis,
1130 1842 1270 1884 dense
1303 1841 1550 1890 contextis,
1585 1840 1855 1882 formatum.

227 1911 578 1967 Hypothecium
608 1910 807 1960 decolor,
834 1915 998 1954 30—45
1021 1925 1050 1965 μ
1070 1910 1233 1952 altum.
1281 1910 1447 1952 Discus
1468 1909 1641 1959 fuscus,
1664 1908 1856 1958 nitidus,

227 1993 460 2022 concavus
492 1978 565 2021 vel
595 1978 702 2020 dein
736 1978 1006 2033 subplanus,
1039 1992 1132 2019 non
1163 1979 1425 2033 pruinosus.
1485 1977 1772 2031 Hymenium
1805 1980 1861 2018 80

229 2051 339 2089 —95
372 2062 400 2102 μ
430 2047 592 2096 altum,
635 2047 682 2088 in
724 2051 858 2100 parte
901 2047 1136 2101 superiore
1173 2045 1573 2088 umbrinofuscum
1603 2049 1651 2086 et
1683 2044 1858 2099 (parce)

228 2115 801 2170 pulveraeeo-inspersum,
843 2119 1051 2156 ceterum
1081 2114 1280 2163 decolor,
1313 2127 1405 2155 non
1436 2114 1711 2168 inspersum.
1773 2111 1858 2153 Pa-

229 2183 453 2238 raphyses
515 2182 766 2237 gelatinam
825 2187 898 2223 sat
958 2182 1141 2223 firmam
1208 2185 1541 2236 percurrentes,
1603 2179 1859 2229 filiformeS,

228 2252 358 2306 apice
411 2250 916 2299 clavato-incrassatae,
971 2254 1198 2304 septatae,
1251 2263 1389 2305 parce
1444 2262 1667 2290 ramosae.
1754 2247 1859 2288 Asci

229 2319 446 2374 hymenio
488 2331 655 2373 parum
700 2317 946 2367 breviores,
994 2317 1182 2367 clavati,
1228 2317 1501 2359 membrana
1543 2316 1684 2366 tenui,
1728 2315 1862 2369 apice

235 2395 273 2435 ὲ
312 2387 581 2435 incrassata,
614 2386 768 2434 cincti,
802 2387 1050 2439 octospori.
1102 2385 1276 2441 Sporae
1306 2383 1672 2427 subbiserialiter
1702 2383 1867 2437 dispo-'

229 2456 359 2504 sitae,
406 2453 711 2508 ellipsoideae,
760 2454 963 2496 tenuiter
1006 2454 1242 2504 limbatae,
1279 2456 1530 2504 14,e—21,3
1566 2467 1592 2506 μ
1622 2451 1799 2505 longae,
1834 2454 1859 2491 8

231 2527 384 2573 -10,6
422 2536 447 2576 μ
479 2535 674 2563 crassae.

344 2588 683 2644 Conceptacula
731 2589 1175 2643 pycnoconidiorum
1231 2602 1491 2638 numerosa,
1539 2587 1859 2636 subimmersa,

231 2658 420 2712 globosa
465 2656 536 2699 vel
582 2656 1025 2711 depresso-globosa,
1072 2670 1234 2711 parva,
1273 2656 1413 2698 diam.
1446 2659 1614 2697 50-80
1645 2671 1693 2710 μ;
1740 2655 1860 2710 peri-

231 2725 447 2767 fulcrium
477 2724 715 2780 pallidum.
777 2723 942 2765 Fulcra
972 2724 1359 2775 endobasidialia;
1393 2723 1572 2769 basidia
1605 2724 1862 2779 cylindrica

234 2793 307 2835 vel
349 2798 546 2847 anguste
575 2791 876 2846 ampullacea‚
911 2796 1019 2833 6-8
1054 2807 1080 2847 μ
1110 2792 1262 2847 longa,
1297 2796 1321 2833 2
1353 2807 1381 2847 μ
1412 2806 1585 2842 crassa;
1630 2804 1859 2847 pycnoco-

233 2860 360 2902 nidia
390 2866 531 2910 recta,
564 2859 813 2908 bacillaria,
847 2864 956 2901 4—6
990 2875 1015 2914 μ.
1046 2860 1198 2915 longa,
1230 2865 1298 2910 O,5
1335 2874 1363 2914 μ
1393 2874 1558 2901 crassa.

349 2928 509 2971 React.
569 2927 756 2970 Thallus
789 2927 923 2969 ΚΘΗ
953 2933 1089 2969 extus
1121 2928 1267 2969 dilute
1299 2927 1526 2978 flavescit,
1551 2927 1673 2969 intus
1699 2927 1860 2968 immu-
