1882 3190
48 112 224 150 Limon,
256 110 695 141 PSEUDOPARMELIA
726 109 836 139 GEN.
862 108 973 138 Nov.
999 108 1101 137 UND
1132 107 1377 136 PARMELIA
1410 106 1517 136 Aen.
1584 96 1658 136 127

46 214 223 255 discreti
277 212 341 253 vel
396 212 600 265 apicibus
657 210 888 258 imbricati‚
948 209 1085 256 varie,
1150 207 1287 261 vulgo
1344 206 1662 261 subpinnatim

47 281 191 330 incisi,
225 279 400 322 sinibus
443 279 706 321 rotundatis
748 277 964 332 separati.
1024 275 1212 316 Thallus
1253 275 1462 316 lacinulis
1504 287 1662 315 secun-

47 348 186 390 dariis
224 346 454 396 brevibus,
487 347 710 401 digitatis‚
744 344 951 399 angustis
982 344 1250 390 instructus,
1284 342 1440 391 isidiis,
1473 341 1665 383 sorediis

48 420 95 457 et
146 415 260 457 ciliis
302 414 573 456 destitutus.
649 413 863 454 Laciniae
908 410 1162 465 subplanae
1207 410 1281 451 vel
1326 410 1662 457 subconvexae,

49 483 206 525 crebre
249 483 547 523 transversim
579 494 792 535 rugosae;
836 485 994 520 cortex
1040 479 1302 527 continuus,
1335 491 1521 531 opacus.
1583 476 1664 517 Co-

48 551 112 593 lor
155 552 367 600 cinereus,
414 550 478 591 vel
522 550 906 603 ymmo-cinerem,
954 548 1000 587 in
1034 546 1363 588 flavescentem
1400 560 1533 600 aegre
1567 559 1664 585 ver-

49 632 173 673 gens,
224 618 390 659 subtus
442 618 588 671 niger;
649 616 820 658 thallus
870 614 1056 655 rhizinis
1107 614 1426 655 concoloribus
1477 614 1666 654 ramosis

49 685 190 728 dense
221 686 434 727 vestitus.

162 753 330 795 Cortex
375 753 583 806 superior
632 755 792 793 16—17
825 765 852 804 μ
889 749 1026 798 altus,
1074 747 1257 803 hyphae
1304 749 1487 790 corticis
1535 747 1667 789 valde

48 820 296 875 adspersae
327 826 373 861 et
406 820 714 868 indistinctae,
757 822 865 860 6—7
898 832 926 871 μ
958 830 1152 863 crassae,
1185 822 1412 870 septatae,
1447 829 1666 864 ramosae,

49 889 96 929 in
130 893 265 942 parte
296 888 531 944 superiore
561 891 688 927 arcte
720 886 979 939 contiguae,
1013 883 1517 939 subperpendiculares.
1579 883 1669 923 Me-

50 955 176 997 dulla
208 955 329 1004 alba,
365 958 558 997 80-110
582 969 607 1008 μ
639 953 748 1002 alta,
782 952 966 1007 hyphae
997 957 1172 1001 tenues,
1197 951 1455 1005 adspersae.
1503 950 1669 992 Cortex

50 1023 241 1065 inferior
272 1024 412 1077 niger,
450 1026 610 1063 11-15
642 1036 670 1075 μ
701 1020 836 1061 altus.

165 1089 421 1145 Apothecia
464 1090 529 1141 (in
561 1088 809 1142 specimine
839 1086 1081 1140 juvenilia)
1114 1100 1272 1140 parva,
1317 1085 1456 1127 diam.
1491 1089 1514 1126 2
1546 1099 1668 1134 mm.,

51 1158 239 1207 sessilia,
287 1161 483 1211 anguste
528 1156 685 1204 affixa,
734 1154 948 1203 rotunda,
983 1167 1076 1195 non
1107 1153 1356 1208 perforata.
1418 1153 1576 1207 Margo
1607 1154 1672 1193 in-

53 1240 238 1274 curvus,
278 1230 494 1266 crenatus
540 1222 612 1264 vel
643 1227 1033 1276 cremato-ruptus,
1067 1221 1299 1262 interdum
1331 1221 1672 1275 conceptaculis

53 1292 495 1348 pycnoconidiorum
517 1291 823 1345 inconspicuis
845 1291 1113 1331 instructus.
1147 1288 1511 1343 Receptaculum
1535 1288 1675 1329 laevi-

55 1366 217 1415 gatum
249 1360 322 1401 vel
354 1359 636 1414 rugulosum,
669 1357 972 1407 subnitidum,
1006 1357 1152 1398 thallo
1174 1356 1405 1407 concolor;
1430 1362 1588 1398 cortex
1611 1371 1678 1397 re-

57 1428 285 1483 ceptaculi
318 1427 513 1477 decolor,
559 1430 724 1468 40—50
756 1440 784 1480 μ
815 1426 951 1475 altus,
984 1425 1171 1480 hyphae
1201 1425 1384 1466 corticis
1416 1424 1674 1479 adspersae,

59 1497 310 1539 constricte
341 1500 565 1549 septatae,
605 1493 1019 1549 perpendiculares,
1053 1494 1312 1547 contiguae,
1346 1492 1676 1547 pachyderma-

58 1565 178 1606 ticae
226 1566 440 1616 (8—109.
486 1576 665 1604 crassae
711 1563 756 1603 in
802 1563 956 1616 aqua).
1018 1560 1215 1603 Gonidia
1258 1560 1343 1602 sub
1386 1559 1598 1614 excipulo
1629 1560 1675 1600 in

57 1636 208 1673 strato
250 1632 470 1672 continuo
513 1635 558 1671 et
600 1629 721 1671 infra
752 1630 970 1671 corticem
1001 1628 1283 1683 receptaculi
1312 1630 1359 1670 in
1391 1633 1541 1670 strato
1572 1627 1678 1668 sub-

59 1699 281 1740 continuo
325 1697 551 1751 disposita
584 1696 652 1738 vel
687 1697 874 1738 omnino
909 1695 1179 1750 glomerata.
1248 1695 1524 1750 Excipulum
1563 1699 1614 1736 25
1651 1710 1676 1748 μ

61 1766 222 1814 altum,
269 1764 467 1814 decolor,
515 1764 601 1806 sub
648 1769 749 1805 toto
795 1763 1075 1819 hypothecio
1121 1770 1167 1805 et
1204 1764 1264 1805 ad
1294 1763 1442 1805 latera
1472 1763 1678 1817 hymenii

58 1833 311 1875 evolutum.
371 1832 720 1886 Hypothecium
749 1831 946 1881 decolor,
981 1835 1033 1873 25
1068 1847 1093 1886 μ
1124 1831 1285 1873 altum.
1338 1831 1502 1873 Discus
1534 1831 1678 1872 dilute

61 1901 223 1943 badius
266 1900 339 1941 vel
382 1899 805 1949 flavo-fuscescens,
851 1913 945 1941 non
990 1901 1248 1954 pruinosus.
1310 1899 1592 1954 Hymenium
1626 1902 1679 1939 50

67 1973 170 2010 —55
203 1982 230 2022 μ
274 1968 420 2009 altum
468 1967 676 2021 (juven),
725 1981 818 2008 non
861 1968 1133 2022 inspersum,
1180 1968 1228 2008 in
1274 1972 1407 2021 parte
1445 1967 1678 2020 superiore

60 2036 208 2078 dilute
239 2035 511 2084 fuscescens,
545 2040 749 2076 ceterum
780 2035 976 2076 decolor.
1027 2035 1321 2090 Paraphyses
1342 2034 1682 2076 subconstricte

61 2109 288 2158 septatae,
321 2103 827 2152 clavato-incrassatae,
861 2103 1086 2145 indivisae
1118 2103 1192 2144 vel
1223 2103 1447 2152 furcatae,
1481 2103 1527 2143 in
1549 2108 1681 2156 parte

62 2172 278 2214 inferiore
300 2170 506 2212 increbre
528 2176 575 2212 et
598 2170 798 2212 breviter
819 2171 1113 2226 divergenter
1133 2185 1342 2212 ramosae
1362 2177 1409 2212 et
1431 2184 1679 2211 connexae.

63 2239 170 2280 Asci
211 2237 585 2287 clavato-inflati,
633 2241 800 2279 34—40
831 2253 859 2292 μ
889 2238 1025 2293 longi,
1077 2243 1240 2282 13—16
1274 2254 1299 2293 μ
1344 2239 1496 2287 crassi,
1543 2251 1682 2279 mem-

64 2307 210 2349 brana
231 2320 427 2361 superne
448 2305 740 2347 mediocriter
760 2308 1016 2348 incrassata
1038 2308 1191 2356 cincti,
1216 2307 1462 2359 octospori.
1510 2305 1682 2360 Sporae

65 2374 372 2429 ellipsoideae,
430 2374 559 2427 apice
611 2373 892 2416 rotundatae
937 2374 1011 2416 vel
1055 2386 1091 2423 ὲ
1136 2374 1412 2429 apiculatae,
1461 2374 1560 2414 uni·
1610 2373 1683 2414 vel

65 2441 358 2484 bi-serialiter
387 2441 651 2495 dispositae,
685 2446 863 2491 8‚5—ll
897 2457 925 2496 μ
955 2442 1117 2496 longae
1148 2448 1195 2484 et
1227 2446 1335 2485 3-6
1369 2457 1394 2495 μ
1425 2455 1620 2483 crassae.

176 2508 516 2562 Conceptacula
558 2509 998 2563 pycnoconidiorum
1041 2509 1334 2563 subglobosa,
1373 2509 1512 2550 diam.
1549 2513 1684 2550 110-

71 2581 147 2619 135
171 2591 221 2631 μ;
245 2576 560 2630 perifulcrium
582 2577 752 2618 circum
774 2577 991 2620 ostiolum
1011 2579 1335 2626 incrassatum,
1354 2576 1682 2634 fusconigrum,

65 2649 270 2686 ceterum
315 2643 513 2685 decolor.
574 2643 741 2686 Fulcra
786 2644 1164 2695 endobasidialia,
1205 2645 1383 2686 basidia
1414 2644 1683 2699 cylindrica,

67 2716 178 2754 5—6
209 2726 236 2765 μ
267 2711 417 2765 longa,
451 2715 475 2752 2
509 2726 535 2765 μ
567 2725 740 2761 crassa;
785 2713 1123 2767 pycnoconidia
1155 2717 1298 2762 recta,
1332 2717 1441 2754 5-6
1474 2727 1501 2765 μ
1532 2712 1683 2766 longa.

181 2779 343 2820 React.
404 2778 591 2820 Thallus
622 2778 758 2820 KOH
789 2785 924 2821 extus
955 2780 1224 2829 flavescens,
1250 2781 1370 2821 intus
1391 2793 1411 2820 e
1430 2779 1546 2832 slavo
1566 2780 1687 2821 rube-

66 2860 203 2896 scens,
236 2844 438 2897 CaCl2O2
471 2851 604 2887 extus
636 2852 683 2887 et
714 2847 840 2888 intus
871 2848 1159 2889 immutatus.
1212 2847 1495 2901 Hymenium
1525 2846 1555 2887 J
1586 2860 1686 2900 per-

66 2914 283 2955 sistenter
314 2913 638 2963 caerulescenS,
672 2915 918 2968 praecipue
949 2916 1102 2968 apices
1132 2928 1358 2956 ascorum.
