1882 3190
186 148 237 183 58
459 153 610 181 ARKIV
641 143 733 182 Fon
764 153 994 182 BOTANIK.
1058 153 1187 180 ΒΑΜ)
1220 139 1281 181 13.
1342 151 1424 181 Nto
1457 140 1519 181 13.

438 336 500 374 17.
562 332 805 376 Parmelia
838 334 1155 384 sum-egressa
1186 345 1230 371 n.
1264 344 1331 384 sp.
1364 330 1436 372 ad.
1469 331 1554 371 int.
1618 384 1621 386 Ι

296 444 484 486 Thallus
517 449 626 486 8—9
659 459 743 486 cm.
777 445 913 491 latus,
947 449 1020 485 sat
1051 444 1238 497 rigidus,
1262 443 1364 485 laxe
1385 444 1645 498 adpressus.
1692 443 1807 485 Lobi

187 514 250 565 (in
283 513 546 567 specimine)
586 527 679 554 non
710 513 825 554 bene
856 512 1105 560 radiantes,
1139 511 1450 565 irregulariter
1480 512 1622 560 incisi,
1657 511 1810 552 imbri-

184 581 290 629 cati‚
335 580 393 621 ad
434 581 684 634 marginem
727 580 1072 628 adscendentes,
1106 579 1560 634 undulato-crispati.
1621 579 1808 619 Thallus

184 647 375 689 sorediis
401 648 635 701 isidiisque
657 648 926 696 destitutus,
950 647 1075 699 vulqo
1096 647 1311 696 eciliatus,
1334 647 1482 687 rarius
1503 646 1616 687 ciliis
1639 647 1809 700 sparsis

185 722 231 756 et
276 715 493 769 dispersis
535 717 806 765 instructus,
851 716 1255 769 plicato-rugosus,
1288 714 1483 764 nitidus;
1517 718 1676 755 cortex
1708 726 1812 754 con-

185 783 364 832 tinuus;
413 783 536 824 color
580 782 763 824 albidus
809 782 879 823 vel
910 781 1398 835 albido-glaueescens‚
1431 781 1597 822 subtus
1628 780 1688 822 ad
1719 794 1812 821 am—

186 851 336 892 bitum
366 850 460 892 late
491 850 657 900 nudus,
685 856 929 892 castaneus
950 850 1014 891 vel
1034 864 1113 902 pro
1135 855 1255 903 parte
1275 849 1415 898 albus,
1440 853 1644 890 ceterum
1666 849 1809 903 niger,

187 918 390 972 disperse
422 918 627 959 breviter
657 918 925 959 rhizinosus.

299 985 469 1027 Cortex
499 987 707 1040 superior
737 984 1024 1032 subdecolor,
1062 987 1222 1026 13—15
1252 999 1280 1038 μ
1311 984 1447 1034 altus,
1481 983 1667 1038 hyphae
1696 984 1812 1025 indi-

186 1054 399 1104 stinctae,
445 1058 670 1108 septatae,
711 1054 969 1107 contiguae,
1003 1052 1308 1093 crassitudine
1339 1052 1557 1093 mediocri
1591 1054 1716 1105 (5-7
1750 1053 1810 1106 μ).

186 1121 388 1163 Medulla
419 1120 538 1171 alba,
577 1126 845 1175 120—1809.
877 1121 987 1170 alta,
1021 1120 1206 1174 hyphae
1238 1125 1348 1161 4—5
1373 1135 1398 1175 μ
1430 1134 1624 1170 crassae,
1651 1120 1814 1161 leviter

187 1189 446 1242 adspersae.
498 1189 667 1231 Cortex
699 1189 885 1230 inferior
916 1189 1057 1241 niger,
1091 1188 1352 1229 fuscescens
1382 1188 1456 1229 vel
1481 1187 1680 1237 decolor,
1708 1192 1814 1228 14—

193 1261 242 1298 18
277 1271 302 1311 μ.
334 1271 535 1307 crassus;
569 1257 752 1311 hyphae
785 1257 968 1297 corticis
1000 1270 1194 1305 crassae,
1227 1255 1678 1310 pachydermaticae.

302 1324 560 1378 Apothecia
602 1325 986 1373 numerosissima,
1029 1323 1226 1365 thallum
1269 1323 1361 1365 fere
1402 1327 1556 1365 totum
1593 1323 1813 1377 tegentia,

189 1392 438 1441 urceolata,
473 1392 676 1433 breviter
706 1391 996 1446 pedicellata,
1021 1405 1114 1432 non
1136 1391 1388 1445 perforata,
1412 1391 1550 1432 diam.
1575 1395 1685 1432 5-6
1706 1404 1813 1432 mm.

189 1460 349 1513 Margo
392 1461 558 1507 tenuis,
603 1461 837 1507 incurvus,
871 1460 1049 1513 integer
1081 1458 1154 1500 vel
1185 1459 1363 1500 minute
1395 1463 1627 1508 crenatus3
1661 1471 1816 1512 recep-

190 1527 395 1568 taculum
436 1526 580 1568 thallo
613 1527 839 1576 concolor,
872 1526 1308 1580 plicato-rugosum;
1343 1531 1503 1567 cortex
1536 1525 1815 1580 receptaculi

191 1594 477 1644 subdecolor,
527 1598 691 1636 25—40
737 1610 764 1648 μ
801 1594 936 1643 altus,
970 1594 1154 1648 hyphae
1185 1595 1368 1636 corticis
1397 1593 1814 1648 perpendiculares,

191 1667 418 1717 septatae.
479 1662 677 1704 Gonidia
709 1663 794 1703 sub
826 1662 1038 1716 excipulo
1070 1666 1116 1703 et
1146 1662 1266 1703 infra
1297 1662 1514 1703 corticem
1539 1660 1815 1715 receptaculi

192 1731 238 1771 in
284 1735 435 1772 strato
480 1731 703 1771 continuo
745 1731 985 1784 disposita.
1047 1730 1324 1785 Excipulum
1364 1729 1565 1779 decolor,
1599 1729 1684 1770 sub
1715 1733 1817 1770 toto

192 1798 472 1853 hypothecio
518 1803 564 1840 et
610 1798 669 1839 ad
712 1799 858 1839 latera
889 1798 1091 1853 hymenii
1124 1797 1380 1847 evolutum,
1414 1812 1508 1839 una
1538 1811 1642 1838 cum
1673 1796 1819 1852 hypo-

191 1866 344 1907 thecio
388 1865 686 1907 subdecolore
733 1869 896 1907 20—25
945 1880 972 1920 μ
1017 1866 1178 1907 altum.
1240 1865 1405 1906 Discus
1449 1865 1595 1906 dilute
1638 1864 1816 1914 badius,

193 1934 383 1984 nitidus,
416 1948 507 1974 non
537 1935 799 1986 pruinosus.
859 1934 1141 1988 Hymenium
1171 1947 1266 1974 non
1298 1934 1567 1987 inspersum,
1602 1936 1769 1974 50—60
1791 1947 1818 1986 μ

192 2002 354 2051 altum,
402 2006 552 2043 strato
597 2002 821 2054 arnorpho
854 2002 1123 2042 tenuissimo
1156 2006 1347 2042 tectum.
1410 1999 1701 2055 Paraphyses
1732 1999 1819 2041 sili-

193 2070 373 2120 formes,
421 2070 550 2124 apice
596 2083 689 2110 non
734 2070 1027 2119 incrassatae,
1062 2070 1288 2111 indivisae
1319 2069 1391 2110 vel
1433 2068 1638 2110 increbre
1668 2068 1819 2110 diver-

192 2142 353 2192 genter
393 2137 595 2179 breviter
631 2151 852 2187 ramosae,
892 2142 1118 2192 septatae,
1152 2138 1399 2191 praecipue
1430 2137 1608 2191 apicem
1641 2150 1816 2178 Versus.

195 2206 299 2247 Asci
330 2205 500 2255 ovales,
534 2206 782 2259 octospori,
819 2210 985 2247 45—*50
1020 2220 1046 2260 μ
1078 2205 1215 2260 longi,
1253 2208 1416 2246 18—22
1441 2220 1466 2259 μ
1489 2205 1644 2254 crassi,
1679 2217 1818 2244 mem-

194 2274 340 2315 brana
381 2275 512 2328 apice
542 2274 798 2314 incrassata
830 2274 983 2314 cincti.
1046 2273 1217 2326 Sporae
1248 2272 1521 2314 biserialiter
1551 2271 1817 2326 dispositae,

194 2341 500 2395 ellipsoideae,
534 2345 729 2394 anguste
763 2341 833 2381 vel
859 2341 1151 2382 mediocriter
1165 2340 1386 2382 limbatae
1415 2342 1497 2390 (l,5
1524 2341 1585 2394 μ),
1612 2343 1815 2388 15—18‚‹·‚

196 2424 224 2463 μ
254 2409 431 2463 longae,
466 2413 616 2458 7-9,3
655 2423 680 2462 μ.
712 2422 905 2449 crassae.

308 2475 647 2531 Conceptacula
693 2476 1137 2530 pycnoconidiorum
1183 2489 1440 2524 numerosa,
1485 2476 1531 2515 in
1568 2474 1819 2528 marginem

195 2545 406 2586 loborum
451 2543 713 2585 lateralium
758 2544 985 2591 immersa,
1032 2543 1221 2598 globosa
1263 2543 1336 2584 vel
1378 2541 1818 2596 depresso-globosa,

201 2616 278 2653 100
326 2627 351 2666 μ
396 2612 506 2661 alta,
559 2614 777 2653 100-120
823 2625 850 2663 μ
892 2611 1007 2661 lata;
1052 2611 1367 2665 perifulcrium
1404 2611 1574 2651 circum
1604 2609 1819 2650 ostiolum

197 2682 516 2728 incrassatum,
541 2681 723 2733 nigrum
746 2678 817 2719 vel
840 2678 1185 2733 fusco-nigrum,
1205 2682 1408 2720 ceterum
1430 2678 1623 2719 fuscum.
1655 2676 1821 2717 Fulcra

196 2747 573 2796 endobasidialia,
597 2746 775 2787 basidia
797 2745 1152 2799 subcylindrica,
1177 2749 1315 2787 8-10
1333 2760 1361 2799 μ
1381 2745 1531 2799 longa,
1555 2747 1579 2785 2
1599 2758 1625 2798 μ
1646 2757 1818 2793 crassa3

198 2814 534 2869 pycnoconidia
579 2818 706 2855 recta
753 2813 823 2854 vel
865 2813 1093 2861 subrecta,
1139 2813 1407 2868 cylindrica,
1442 2816 1579 2854 8—-10
1610 2825 1638 2866 μ
1668 2810 1818 2864 longa,

198 2886 392 2931 (l,5—Ost
431 2897 457 2936 μ
489 2895 655 2924 crassa.
1787 2888 1791 2892 '
