1882 3190
0 0 7 300 J

0 352 3 416 J

65 105 245 142 LYNGE,
278 103 718 134 PSEUDOPARMELIA
750 103 862 132 GEN.
886 103 999 132 nov.
1024 103 1127 132 UND
1160 104 1406 133 PARMELIA
1438 105 1549 135 Aen.
1605 98 1682 136 147

102 218 325 258 araquay:
369 204 634 258 Paraguari,
680 203 833 245 Cierro
874 203 1041 257 Negro,
1075 203 1135 244 ad
1166 218 1303 258 rupes
1334 210 1611 260 praeruptas
1648 211 1683 248 1.

61 277 100 314 8.
136 274 257 321 1893,
290 285 365 312 no.
402 271 584 321 1481B;
634 275 672 313 8.
707 277 745 313 8.
784 273 903 320 1893,
938 284 1011 313 no.
1050 274 1176 321 1537;
1224 272 1411 314 Colonia
1446 272 1582 314 Risso
1614 287 1682 328 pr.

59 339 147 381 Rio
176 338 293 393 Apa,
325 337 384 380 ad
416 339 646 388 corticem,
681 341 747 380 28.
771 341 809 379 9.
838 341 956 387 1893,
995 351 1069 379 no.
1099 342 1203 379 1865
1222 339 1275 389 Β,
1313 345 1359 380 et
1395 340 1455 381 ad
1492 340 1682 383 cereum

60 411 98 450 3.
134 410 199 448 10.
236 408 355 455 1893,
402 419 476 447 n0.
514 410 643 456 18843
689 405 748 447 ad
780 406 996 446 corticem
1029 406 1074 446 in
1106 405 1223 447 silva
1256 408 1410 448 minus
1440 408 1582 450 densa
1614 412 1682 450 25.

0 467 1 479 ’
61 477 98 515 9.
137 476 257 523 1893,
291 486 365 514 no.
402 477 522 516 1857.

172 540 299 583 Icon.
332 541 445 582 Tab.
480 546 518 590 5,
552 541 630 595 fig.
664 544 787 582 8—9.

171 608 266 650 Das
306 608 439 649 Mark
473 609 532 650 ist
565 609 707 657 weiss,
741 607 869 649 farbt
900 606 995 649 sich
1027 607 1139 648 aber
1169 607 1309 650 leicht
1342 608 1580 659 braunrot.
1614 625 1684 652 wo

63 675 136 718 die
168 675 279 719 Luft
311 676 455 718 freien
486 677 662 718 Zutritt
694 675 790 724 hat,
824 689 861 716 z,
894 675 947 716 B.
980 689 1040 716 an
1072 675 1430 719 Bruchflachen.

648 844 679 886 f.
713 845 955 896 laevigata
986 858 1029 885 n.
1064 843 1095 886 f.

169 945 352 996 Forma,
386 951 438 988 ut
470 945 667 995 videtur,
701 946 883 986 nomine
913 945 1067 999 digna.
1131 945 1304 988 Differt
1334 961 1361 988 a
1393 949 1543 1002 specie
1574 948 1682 990 laci-

57 1014 143 1056 niis
191 1015 354 1067 planis,
401 1014 612 1055 discretis
657 1013 730 1055 vel
772 1012 981 1068 apicibus
1012 1013 1317 1055 lacinularum
1350 1015 1496 1057 solum
1528 1016 1683 1058 imbri-

57 1082 189 1131 catis,
242 1082 395 1124 isidiz‘s
445 1082 677 1131 destitutis,
725 1081 875 1122 colore
926 1081 1467 1133 virescenti-flavescens,
1515 1085 1684 1126 cortice

56 1149 262 1190 inferiori
293 1150 340 1191 in
369 1154 502 1204 parte
533 1150 757 1190 exteriore
787 1149 1055 1190 distinctius
1085 1149 1369 1192 decolorato,

170 1217 427 1270 Apothecia
468 1230 727 1266 numerosa,
760 1230 920 1271 margo
952 1217 1295 1272 conceptaculis
1326 1220 1683 1272 pycnoconidio·

58 1298 162 1326 rum
193 1289 455 1326 coronatus.
516 1283 818 1339 Paraphyses,
852 1285 944 1326 asci
977 1290 1023 1326 et
1055 1298 1219 1339 sporae
1241 1290 1293 1326 ut
1314 1286 1361 1326 in
1383 1288 1546 1340 specie.
1595 1288 1683 1328 Ba-

58 1352 179 1394 sidia
198 1356 308 1394 8——9
326 1367 354 1406 μ
370 1352 525 1406 longa;
545 1352 883 1407 pycnoconidia
900 1356 1042 1401 recta,
1066 1352 1334 1407 cylindrica,
1358 1358 1468 1395 5—9
1492 1369 1517 1408 μ
1532 1355 1682 1409 longa.

170 1420 367 1462 Reactio
398 1418 600 1461 chemica
630 1425 683 1461 ut
714 1420 759 1461 in
791 1421 954 1475 specie.

169 1487 395 1530 Brasiliae
426 1488 552 1529 civit.
586 1487 739 1529 Matto
770 1487 960 1529 Grosso:
1008 1487 1153 1530 Santa
1183 1488 1321 1530 Anna
1352 1489 1412 1530 da
1443 1489 1678 1545 Chapada,

57 1556 105 1597 in
149 1556 354 1609 margine
396 1555 601 1604 silvulae,
640 1555 739 1597 loco
767 1555 1009 1611 paludoso,
1059 1559 1126 1597 28.
1160 1559 1198 1597 2.
1236 1561 1356 1606 1894,
1390 1571 1463 1599 no.
1497 1561 1605 1599 2445
1638 1564 1685 1600 et

59 1627 95 1666 7.
129 1627 167 1665 3.
206 1627 325 1664 1894.
387 1622 521 1665 Serra
551 1622 611 1664 da
647 1623 880 1678 Chapada,
914 1624 1066 1665 Bocca
1095 1623 1155 1665 da
1186 1623 1331 1674 Serra,
1365 1625 1424 1666 ad
1455 1625 1680 1675 arborem,

57 1691 158 1732 loco
189 1695 364 1745 apertO,
403 1695 466 1732 15.
501 1694 539 1732 6.
577 1694 696 1733 1894.

371 1864 437 1903 71.
502 1860 749 1903 Pal-melia
778 1860 1190 1914 portoalegrensis
1223 1875 1266 1902 n.
1301 1875 1369 1916 sp.

170 1961 359 2004 Thallus
396 1969 510 2005 arcte
531 1962 783 2016 adpressus,
808 1962 973 2012 tenuis,
997 1962 1283 2012 orbicularis,
1307 1963 1444 2004 diam.
1464 1967 1574 2005 3—6
1596 1978 1681 2006 cm.

57 2030 272 2072 Laciniae
308 2036 502 2072 centrum
533 2044 682 2072 versus
712 2030 1045 2082 crustisormz'ter
1074 2031 1354 2084 confluentes,
1387 2031 1683 2085 peripheriam

55 2111 183 2140 versu
223 2097 326 2139 bene
369 2098 607 2147 radiantes,
631 2101 876 2152 angustae:
909 2101 1106 2147 0,3—0,5
1132 2112 1239 2140 mm.
1263 2098 1400 2148 latae,
1425 2099 1681 2153 subplanae

57 2165 130 2207 vel
175 2165 573 2214 convexiusculae,
620 2165 823 2206 iteratim
858 2170 905 2206 et
941 2165 1096 2207 crebre
1127 2165 1458 2208 dichotomiter
1488 2167 1679 2217 divisae,

56 2237 185 2275 arcte
228 2233 472 2287 contiguae
503 2232 577 2273 vel
608 2232 667 2274 ad
698 2233 876 2286 apicem
907 2232 1056 2274 solum
1087 2233 1312 2275 discretae
1343 2238 1390 2275 et
1421 2234 1585 2276 leviter
1615 2234 1682 2276 di-

55 2301 247 2350 latatae,
272 2305 518 2342 truncata-e
545 2299 617 2340 vel
640 2299 934 2342 rotundatae.
981 2300 1171 2342 Thallus
1193 2301 1465 2355 laevigatus,
1490 2302 1680 2344 sorediis

55 2368 325 2417 destitutus,
349 2367 428 2408 sed
450 2367 592 2408 isidiis
608 2367 839 2423 dispersis,
860 2367 1091 2418 brevibus,
1110 2368 1512 2423 papilliformibus,
1534 2369 1679 2411 thallo

57 2435 390 2484 concoloribus,
423 2435 700 2485 instructus;
745 2440 905 2477 cortex
936 2437 1207 2486 continuus3
1253 2436 1377 2478 color
1407 2438 1680 2478 stramineo-

57 2505 300 2552 virescens,
347 2507 557 2544 centrum
602 2516 762 2544 versus
807 2503 1095 2554 obscuratus,
1142 2504 1307 2545 subtus
1353 2504 1412 2545 ad
1451 2503 1680 2546 ambitum

57 2576 312 2619 castaneus,
345 2575 548 2612 ceterum
578 2572 719 2624 niger.
767 2570 925 2625 Usque
957 2571 1016 2612 ad
1048 2572 1224 2626 apicem
1255 2571 1527 2613 laciniarum
1548 2572 1681 2613 rhizi-

58 2652 213 2687 nosus,
257 2637 461 2678 rhizinae
500 2637 670 2691 pagina
712 2637 913 2679 inferiori
956 2638 1232 2689 concolores,
1273 2639 1450 2687 breves,
1483 2653 1677 2681 crassae.

170 2705 339 2747 Cortex
371 2705 580 2758 superior
609 2705 910 2755 cinerascens,
943 2705 1277 2760 impellucidus,
1306 2709 1466 2747 10—13
1491 2721 1518 2761 μ
1539 2706 1678 2757 altus,

59 2777 209 2815 strato
254 2771 477 2826 amorpho
522 2771 745 2821 decolore,
781 2776 805 2813 2
835 2787 864 2826 μ
901 2773 1011 2822 alto,
1056 2777 1221 2822 tectus,
1265 2787 1320 2814 ex
1365 2773 1533 2828 hyphis
1575 2774 1682 2816 sub-

59 2839 532 2896 perpendicularibus‚
584 2839 990 2894 leptodermaticis,
1044 2841 1252 2895 septatiS,
1298 2842 1502 2891 ramosis,
1549 2847 1682 2896 parte

58 2908 285 2951 exteriore
327 2911 455 2949 arcte
499 2907 742 2961 contiguis,
785 2911 918 2961 parte
960 2907 1174 2949 inferiore
1215 2907 1466 2950 luminibus
1501 2910 1680 2964 conspi-
