1882 3190
70 98 246 135 LYNGE,
279 97 716 127 PSEUDorARMEmA
746 97 858 126 GEN.
882 95 993 126 Nov.
1018 96 1122 126 UND
1151 97 1397 126 PARMELIA
1430 97 1538 126 Aen.
1605 87 1682 126 135

72 203 235 248 l—l‚5,
266 198 413 239 rarius
436 201 459 238 2
482 212 586 239 mm.
610 198 746 246 latae,
781 197 959 251 planae,
991 197 1192 238 iteratim
1216 197 1281 238 bi·
1304 197 1375 238 vel
1397 197 1681 246 trifurcatae,

69 266 295 308 discretae
341 265 414 307 vel
458 265 666 320 apicibus
710 264 994 312 imbricatae,
1037 264 1260 305 lacinulae
1309 265 1484 306 sinibus
1525 269 1683 306 rotun—

66 333 187 375 datis
218 337 473 386 separatae,
520 333 843 386 subpinnatae‚
890 332 1018 385 apice
1049 332 1342 381 rotundatae,
1376 333 1522 374 rarius
1554 337 1684 373 trun-

68 406 213 442 catae.
281 399 468 441 Thallus
513 405 721 442 centrum
766 412 923 440 versus
967 398 1143 440 laciniis
1187 400 1466 441 secundariis
1511 401 1682 454 parvis,

71 471 267 521 anguste
308 468 478 516 affixis,
522 467 797 522 ellipsoideis
837 471 884 507 et
915 467 1124 507 indivisis
1155 466 1226 507 vel
1257 467 1441 508 demum
1474 467 1686 521 palmati-

69 534 188 583 fidis,
221 534 426 575 increbre
457 536 725 582 instructus,
759 534 886 583 ciliis,
919 533 1076 582 isidiis,
1108 534 1392 587 sorediisque
1413 535 1683 583 destitutus,

70 602 326 656 laevigatus
348 601 421 642 vel
443 602 634 643 laciniae
655 601 954 642 transversim
976 614 1182 654 rugosae.
1230 601 1398 642 Cortex
1421 603 1682 652 continuus,

69 669 193 710 color
233 668 637 722 glauco-cinereus,
678 668 841 710 leviter
871 669 915 708 in
947 667 1248 709 lutescentem
1280 683 1486 723 vergens,
1519 669 1684 711 subtus

69 737 209 790 niger,
243 737 301 777 ad
332 737 508 791 apicem
538 736 809 778 laciniarum
839 740 1033 790 anguste
1063 740 1321 785 castaneus,
1353 737 1522 778 thallus
1540 751 1684 791 usque

71 803 130 844 ad
164 803 390 844 ambitum
425 803 610 845 rhizinis
642 804 795 857 nigris,
828 802 986 856 longis,
1011 802 1202 844 furcatis
1224 803 1296 844 vel
1318 805 1522 853 ramosis,
1546 804 1686 846 dense

68 871 280 912 vestitus

180 937 348 979 Cortex
393 939 600 993 superior
642 937 928 987 subdecolor,
976 941 1198 991 15—3011.
1234 938 1370 988 altus,
1419 939 1602 993 hyphae
1641 950 1677 988 ss

70 1006 329 1060 adspersae,
363 1010 589 1060 septatae,
623 1019 843 1055 ramosae,
877 1010 1008 1060 parte
1039 1006 1264 1046 exteriore
1296 1007 1485 1054 (18—20
1507 1010 1552 1061 μ)
1582 1021 1688 1048 con-

70 1074 238 1127 tiguae,
287 1079 421 1127 parte
465 1073 679 1114 inferiore
725 1073 1095 1114 interluminibus
1139 1074 1399 1127 conspicuis
1430 1080 1684 1128 separatae.

68 1140 269 1181 Medulla
300 1140 419 1190 alba,
454 1144 689 1194 80-19021,
720 1140 829 1190 alta,
863 1139 1047 1194 hyphae
1078 1140 1350 1182 medullares
1370 1141 1683 1195 ssadspersae,

69 1211 223 1256 2‚=-‚—4
257 1224 282 1262 μ.
314 1222 507 1250 crassae.
568 1209 736 1250 Cortex
767 1208 953 1249 inferior
989 1209 1128 1262 niger,
1166 1213 1327 1250 11-18
1359 1223 1387 1262 μ
1417 1209 1554 1251 altus.

181 1275 437 1330 Apothecia
482 1289 738 1325 numerosa,
785 1275 991 1330 dispersa
1036 1276 1108 1317 vel
1146 1281 1377 1330 congesta,
1410 1277 1582 1318 sessilia
1614 1277 1686 1319 vel

69 1343 272 1384 breviter
303 1343 590 1396 pedicellata,
622 1357 714 1384 non
745 1342 994 1397 perforata,
1028 1357 1247 1393 concava,
1280 1344 1483 1385 rotunda
1514 1344 1587 1385 vel
1608 1359 1687 1386 an-

66 1410 238 1465 gulosa,
283 1410 420 1451 diam.
454 1414 562 1453 6-7
593 1425 698 1452 mm.
758 1410 917 1464 Margo
954 1411 1069 1452 bene
1099 1412 1333 1461 incurvus,
1367 1418 1582 1454 crenatus
1613 1413 1686 1454 vel

68 1479 465 1527 erenato-incisus,
508 1478 742 1519 interdum
779 1479 1119 1532 concept-aculis
1149 1480 1590 1533 pycnoconidiorum
1620 1481 1687 1521 in-

65 1546 326 1599 conspicuis
370 1547 647 1596 instructus:
694 1546 1038 1600 receptaculum
1083 1546 1492 1588 flavo-fuscescens
1523 1548 1596 1589 vel
1627 1549 1686 1589 ci-

66 1613 499 1659 nereo-fuscescens‚
538 1614 960 1668 striato-rugosum3
1003 1619 1161 1655 cortex
1192 1615 1472 1669 receptaculi
1503 1615 1687 1657 decolor

66 1680 138 1721 vel
184 1681 468 1730 subdecolor,
516 1681 783 1734 papillosus,
831 1685 995 1723 25—55
1028 1697 1055 1736 μ
1086 1682 1228 1732 altus;
1275 1682 1460 1737 hyphae
1503 1684 1686 1725 corticis

67 1747 482 1802 perpendiculares,
515 1748 853 1790 subconstricte
884 1753 1108 1804 septatae,
1141 1751 1401 1804 contiguae,
1430 1751 1686 1806 pachyder-

64 1816 277 1865 maticae,
312 1819 445 1858 7——11
483 1831 508 1870 μ
541 1830 734 1857 crassae.
785 1816 983 1858 Gonidia
1013 1817 1099 1859 sub
1131 1817 1343 1872 excipulo
1374 1823 1421 1860 et
1449 1819 1569 1860 infra
1590 1833 1685 1860 cor-

65 1883 201 1925 ticem
246 1883 528 1937 receptaculi
572 1884 619 1924 in
663 1889 813 1925 strato
855 1885 1075 1926 continuo
1106 1885 1346 1941 disposita.
1408 1886 1685 1940 Excipulum

64 1950 150 1991 sub
181 1955 285 1991 toto
316 1950 596 2004 hypothecio
627 1955 674 1992 et
705 1951 764 1991 ad
794 1951 939 1993 latera
969 1951 1172 2007 hymenii
1201 1953 1455 2002 evolutum,
1488 1953 1683 2004 decolor,

65 2031 158 2059 una
202 2031 305 2058 cum
347 2017 630 2072 hypothecio
674 2017 974 2060 subdecolore
1019 2023 1184 2061 20—25
1218 2035 1243 2074 μ
1288 2019 1450 2061 altum.
1521 2020 1685 2062 Discus

64 2084 253 2134 nitidus,
299 2085 462 2126 badius
494 2084 565 2126 vel
596 2085 1015 2135 flavo-fuscescens,
1058 2100 1150 2128 non
1190 2088 1448 2141 pruinosus.
1511 2088 1684 2142 Hyme-

66 2153 194 2193 nium
236 2166 432 2208 superne
473 2152 619 2193 dilute
661 2152 1080 2206 luteo-fuscescens,
1112 2160 1316 2196 ceterum
1355 2155 1549 2204 decolor,
1592 2169 1684 2197 non

68 2221 343 2274 inspersum,
377 2223 543 2260 50—55
577 2234 602 2273 μ
634 2219 797 2261 altum.
858 2221 1150 2276 Paraphyses
1181 2223 1311 2276 apice
1341 2236 1433 2263 non
1464 2223 1686 2264 incrassa-

68 2292 158 2337 tae,
213 2287 416 2328 breviter
464 2287 761 2341 divergenter
809 2302 1030 2338 ramosae,
1075 2289 1261 2331 demum
1307 2304 1684 2332 connexo-ramo-

66 2369 157 2402 sae,
190 2355 337 2396 rarius
370 2354 594 2404 furcatae,
628 2355 895 2398 indistincte
926 2362 1151 2411 septatae.
1212 2358 1316 2399 Asci
1339 2358 1525 2407 clavati,
1545 2372 1683 2399 mem-

65 2421 210 2463 brana
250 2435 445 2475 superne
486 2436 650 2476 parum
691 2424 946 2465 incrassata
981 2426 1135 2474 cincti,
1173 2426 1418 2479 octospori‚
1464 2429 1630 2467 40—50
1655 2441 1684 2479 μ

64 2489 201 2543 longi,
252 2493 465 2542 13—1431,
496 2491 648 2531 crassi.
701 2490 872 2545 Sporae
902 2491 1262 2534 subbiserialiter
1288 2492 1553 2547 dispositae,
1589 2493 1684 2535 elli-

64 2557 294 2611 psoideae,
342 2557 470 2611 apice
515 2557 808 2607 rotundatae‚
855 2564 1049 2613 anguste
1095 2560 1330 2609 limbatae,
1372 2564 1619 2611 10‚5—13,5
1654 2576 1683 2615 μ

62 2623 239 2677 longae,
273 2628 427 2669 6,5—8
459 2639 487 2677 μ
518 2638 710 2666 crassae.

175 2691 515 2745 Conceptacula
544 2693 986 2746 pycnoconidiorum
1016 2708 1274 2743 numerosa,
1307 2696 1354 2736 in
1385 2695 1580 2737 thallum
1600 2697 1682 2737 im-

64 2773 228 2808 mersa,
275 2758 566 2812 subglobosa‚
613 2760 752 2801 diam.
800 2764 1096 2815 120-17ομ;
1139 2762 1453 2816 perifulcrium
1485 2763 1684 2805 fusconi-

65 2840 211 2880 grum.
263 2827 431 2868 Fulcra
462 2827 849 2879 endobasidialia3
883 2828 1062 2871 basidia
1090 2835 1287 2884 anguste
1318 2830 1583 2885 ellipsoidea
1613 2831 1687 2873 vel

68 2894 334 2949 eylindrica,
369 2899 478 2936 5—6
503 2910 528 2949 μ.
559 2895 709 2950 longa,
747 2900 897 2945 1,5—2
919 2910 947 2950 μ
978 2910 1149 2948 crassa;
1182 2899 1520 2952 pycnoconidia
1541 2904 1681 2949 recta,
