1882 3190
57 102 233 139 LYNGE,
267 98 705 130 PSEUDOPARMELIA
736 97 848 127 GEN.
871 95 982 126 nov.
1008 96 1111 125 UND
1143 95 1389 125 PARMELIA
1422 95 1530 125 ACH.
1598 87 1673 126 107

166 203 344 244 Exsicc.
376 200 592 242 Wmmoz
640 199 849 241 Lichenes
879 197 1159 239 brasilz'enses
1195 201 1313 239 1040.

168 269 355 311 Thallus
387 267 667 315 orbicularis,
699 267 837 308 diam.
873 269 896 308 7
919 278 1021 314 cm.,
1045 264 1322 318 subrigidus,
1355 265 1458 307 laxe
1489 265 1675 319 adpres-

55 353 145 382 sus
199 336 312 378 Lobi
344 341 418 377 sat
449 336 624 385 breves,
660 338 767 376 2—4
789 347 895 374 mm.
928 332 1025 381 lati,
1059 333 1261 386 contigui
1294 332 1366 374 vel
1394 332 1676 387 marginibus

63 414 100 455 ss
139 403 532 447 adscendentibus
564 402 808 451 imbricati,
843 401 1017 443 crenati
1050 399 1122 441 vel
1153 405 1348 454 anguste
1379 405 1426 441 et
1458 414 1549 441 non
1570 414 1676 454 pro-

55 473 198 516 funde
237 472 590 521 sinuato-incisi,
633 471 762 525 apice
802 468 1055 511 rotundati.
1141 467 1328 509 Thallus
1368 468 1480 510 ciliis
1520 469 1674 522 nigris,

55 540 266 584 indivisis
298 539 370 580 vel
402 539 608 588 furcatis,
641 542 792 588 O,5—l
817 550 924 578 mm.
947 536 1108 590 longis,
1132 540 1205 577 sat
1227 536 1383 577 crebre
1406 537 1674 584 instructus,

55 607 247 652 sorediis
278 607 549 656 destitutus,
574 607 726 649 isidiis
746 605 956 653 brevibus,
981 604 1190 645 indivisis
1213 603 1283 645 vel
1306 605 1512 653 ramosis,
1536 617 1675 657 quam

56 675 201 719 thallo
253 675 610 724 obscurioribus,
657 675 784 728 apice
830 673 1103 721 obscuratis,
1149 672 1280 714 dense
1320 672 1512 713 vestitus.
1560 671 1675 713 Lobi

55 743 480 798 undulato-plicati‚
542 743 600 784 ad
660 741 968 797 peripheriam
1027 740 1178 790 nitidi,
1249 744 1453 781 ceterum
1522 740 1673 794 opaci;

57 817 214 856 cortex
264 812 531 861 continuus;
599 810 724 852 color
768 810 973 851 cinereus
1019 808 1091 849 vel
1128 807 1578 857 albido-flavescens,
1631 808 1676 848 in

54 880 384 922 flavescentem
432 892 638 933 vergens,
685 882 894 920 centrum
932 890 1091 918 versus
1128 876 1376 921 obscurior.
1415 875 1580 918 subtus
1616 875 1674 916 ad

55 949 305 1003 marginem
322 954 517 1001 anguste
534 951 790 995 castaneus,
810 949 1014 987 ceterum
1033 945 1162 999 niger
1179 943 1250 985 vel
1266 943 1675 997 fusconigrescens.

167 1015 335 1058 Cortex
382 1016 590 1069 superior
636 1013 920 1063 subdecolor‚
969 1016 1021 1054 20
1053 1027 1080 1067 μ
1112 1012 1249 1062 altus,
1289 1026 1346 1053 ex
1377 1011 1546 1066 hyphis
1575 1026 1678 1068 per-

56 1083 446 1140 pendicularibus‚
492 1088 565 1124 sat
606 1081 1040 1138 pachydermaticis,
1079 1081 1329 1122 constricte
1361 1080 1556 1134 septatis
1588 1080 1677 1121 for-

57 1157 224 1201 matus,
259 1156 406 1193 strato
428 1150 649 1207 amorpho
672 1151 800 1192 tenui
822 1154 989 1192 tectus.
1037 1148 1239 1190 Medulla
1260 1148 1380 1198 alba,
1408 1152 1626 1190 100-120
1649 1164 1677 1202 μ

57 1220 167 1270 alta,
215 1220 399 1274 hyphae
445 1219 716 1261 medullares
749 1223 896 1269 3—4,5
932 1233 960 1272 μ
991 1231 1184 1267 crassae,
1232 1217 1492 1271 adspersae,
1540 1231 1676 1271 parce

55 1293 267 1343 septatae
312 1293 358 1329 et
404 1301 541 1343 parce
587 1301 805 1330 ramosae.
867 1287 1034 1329 Cortex
1080 1285 1269 1328 inferior
1314 1285 1459 1327 dilute
1504 1285 1675 1334 fuscus,

58 1361 107 1399 10
140 1371 166 1411 μ
197 1356 334 1398 altus.

169 1424 425 1479 Apothecia
468 1426 534 1477 (in
565 1425 831 1479 specimine)
863 1438 1025 1479 pauca,
1058 1423 1232 1465 sessilia
1265 1423 1336 1466 vel
1367 1423 1569 1465 breviter
1600 1438 1676 1479 pe-

56 1493 287 1542 dioellata,
333 1507 420 1534 non
464 1493 695 1546 perforata,
729 1492 946 1543 rotunda,
979 1492 1117 1534 diam.
1152 1497 1260 1535 3—4
1291 1505 1397 1533 mm.
1450 1492 1677 1547 Recepta-

56 1561 210 1604 culum
241 1560 387 1603 thallo
419 1561 646 1610 concolor,
671 1575 902 1615 rugosum,
926 1561 1182 1612 isidiosum;
1217 1565 1375 1603 cortex
1398 1561 1675 1615 receptaculi

56 1629 254 1679 decolor,
290 1633 456 1671 25—60
480 1645 505 1684 μ.
537 1630 674 1680 altus,
698 1644 753 1672 ex
777 1629 945 1684 hyphis
966 1629 1440 1685 perpendicularibus‚
1465 1630 1673 1684 septatis,

51 1698 486 1753 pachydermaticis,
533 1698 774 1740 formatus.
837 1698 1033 1740 Gonidia
1078 1698 1164 1740 sub
1209 1698 1419 1752 excipulo
1465 1702 1509 1739 et
1556 1698 1675 1740 infra

55 1767 271 1808 corticem
313 1766 591 1821 receptaculi
632 1768 677 1808 in
720 1771 869 1808 strato
909 1767 1131 1808 continuo
1158 1766 1348 1808 inclusa.
1400 1766 1674 1821 Excipulum

55 1834 254 1884 decolor,
303 1838 469 1876 20--25
502 1850 530 1889 μ
560 1835 721 1885 altum,
769 1834 855 1877 sub
900 1840 1002 1877 toto
1048 1834 1329 1890 hypothecio
1361 1839 1408 1876 et
1439 1834 1499 1876 ad
1529 1834 1675 1876 latera

54 1902 258 1958 hymenii
315 1902 570 1953 evolutum,
630 1903 706 1945 ubi
759 1904 803 1945 in
851 1905 1068 1945 corticem
1113 1904 1358 1950 transiens,
1406 1917 1460 1944 ex
1506 1902 1675 1957 hyphis

54 1970 475 2026 pachydermaticis
526 1976 571 2013 et
619 1971 752 2013 valde
797 1972 1039 2021 intricatis,
1100 1971 1366 2013 formatum.
1433 1971 1675 2026 Hypothe-

55 2039 175 2081 cium
217 2038 412 2088 decolor,
459 2042 623 2080 20—25
669 2055 694 2094 :³⁴
736 2039 897 2081 altum.
973 2040 1138 2082 Discus
1180 2039 1570 2082 flavofuseescens
1602 2039 1675 2080 vel

55 2106 201 2148 dilute
234 2106 413 2157 badius,
446 2121 676 2149 concavus
709 2107 780 2149 vel
812 2108 952 2150 etiam
984 2108 1247 2150 urceolatus
1279 2107 1455 2162 (apoth.
1480 2108 1672 2161 juven),

54 2174 247 2224 nitidus,
294 2188 387 2216 non
431 2176 693 2229 pruinosus.
768 2175 1051 2231 Hymenium
1096 2190 1293 2231 superne
1338 2175 1484 2217 dilute
1528 2175 1674 2217 luteo-

53 2242 329 2292 fuscescens,
363 2247 567 2284 ceterum
599 2243 796 2293 decolor,
830 2247 1023 2286 80-105
1047 2259 1074 2298 μ
1095 2244 1256 2293 altum,
1280 2248 1429 2285 strato
1451 2243 1673 2297 amorpho

52 2310 184 2351 tenui
230 2315 423 2352 tectum.
484 2310 774 2366 Paraphyses
819 2311 1068 2366 gelatinam
1114 2312 1295 2353 firmam
1337 2315 1671 2366 percurrentes,

52 2382 250 2431 anguste
309 2377 561 2427 filiformes,
623 2379 751 2433 apice
810 2379 936 2421 haud
995 2381 1291 2429 incrassatae,
1344 2393 1550 2420 ramosae
1600 2379 1673 2420 vel

53 2445 281 2496 furcatae;
315 2450 448 2500 septa
479 2446 650 2488 frustra
682 2448 906 2501 quaesita.
958 2448 1063 2489 Asci
1095 2447 1568 2502 oblongo-ellipsoidei
1601 2447 1673 2488 vel

53 2512 238 2562 clavati,
273 2517 438 2555 60-66
471 2528 498 2567 μ
529 2514 664 2568 longi,
702 2519 865 2557 15—20
887 2530 915 2570 μ
936 2517 1089 2565 crassi,
1120 2516 1387 2557 membrana
1410 2519 1482 2556 sat
1504 2529 1669 2564 crassa,

51 2582 182 2636 apice
242 2581 406 2623 leviter
454 2583 711 2624 incrassata
760 2584 914 2634 cincti,
972 2584 1218 2640 octospori.
1307 2583 1477 2637 Sporae
1536 2596 1672 2636 saepe

52 2649 357 2690 uniserialiter
403 2649 669 2704 dispositae,
720 2651 813 2692 late
864 2651 1169 2706 ellipsoideae,
1220 2651 1429 2700 obtusae,
1475 2655 1671 2705 anguste

52 2716 287 2766 limbatae,
325 2720 487 2759 13—16
522 2731 547 2771 μ
578 2717 755 2772 longae,
790 2723 968 2768 8‚5-—ll
1006 2735 1030 2774 μ,
1063 2733 1254 2761 crassae.

164 2784 505 2839 Conceptacula
544 2786 990 2840 pycnoconidiorum
1028 2788 1256 2836 immersa,
1289 2786 1567 2841 subglobosa
1599 2787 1671 2828 vel

51 2849 495 2907 depresso-globosa,
546 2856 621 2894 105
656 2867 681 2907 μ
712 2852 821 2899 alta.
872 2858 1089 2898 120—135
1122 2869 1149 2909 μ,
1191 2854 1306 2904 lata3
1353 2853 1671 2909 perifulcrium
