1882 3190
31 119 211 156 LYNGE,
246 118 685 148 PSEUDOPARMELIA
717 117 828 147 GEN.
861 116 974 146 NOV.
1009 116 1111 145 UND
1142 116 1389 145 PARMELIA
1420 116 1530 146 ACH.
1600 109 1649 145 41

30 219 198 268 affixis,
233 219 297 269 (in
330 218 594 272 specimine)
621 218 787 266 ovatis,
811 217 1019 258 indivisis
1042 216 1197 257 crebre
1221 217 1486 266 instructus
1510 216 1653 257 isidiis

30 291 76 327 et
122 285 312 327 sorediis
353 285 622 334 destitutus,
668 285 924 339 laevigatus
962 283 1032 325 vel
1066 283 1230 325 leviter
1260 283 1515 338 rugulosuS,
1547 284 1652 324 sub-

34 353 220 402 nitidus,
267 353 528 395 reticulatz'm
574 358 732 406 ruptus
776 356 846 405 (ut
877 352 923 392 in
954 351 1008 392 P.
1041 354 1232 402 ceti-ata),
1265 351 1651 403 glauwcinereus,

30 419 196 477 subtus
241 421 379 474 niger,
428 419 683 461 rhizinosus
729 419 798 460 vel
845 432 928 472 pro
971 423 1102 472 parte
1134 418 1301 467 nudus,
1335 418 1395 459 ad
1426 418 1654 459 ambitum

31 492 227 542 anguste
258 492 516 536 castaneus,
551 487 740 536 nitidus
773 486 925 527 nudus
959 487 1001 537 (2
1032 487 1161 534 mm.)

143 554 310 596 Cortex
356 555 564 608 superior
612 557 773 595 18—24
817 568 844 607 μ
881 553 1017 602 altus,
1051 552 1248 602 decolor,
1283 553 1466 607 liyphae
1500 555 1653 608 (saepe

30 622 344 673 indistinctae)
396 635 616 671 ramosae,
668 620 1082 676 perpendiculares,
1130 625 1355 673 septatae,
1404 621 1654 662 luminibus

31 689 263 731 distinctis
308 694 562 743 separatae.
624 689 824 731 Medulla
869 688 988 736 alba,
1040 692 1260 729 loo—160
1303 689 1469 739 (rarius
1507 702 1654 742 usque

32 758 130 808 220)
164 771 192 810 μ
223 756 331 805 alta,
367 756 550 811 hyphae
582 761 775 806 3‚5—-4,5
813 771 838 810 μ,
870 769 1064 804 crassae,
1095 764 1132 803 :11
1163 755 1424 809 adspersae.
1484 756 1653 797 Cortex

31 824 218 865 inferior
248 826 389 878 niger,
429 829 589 865 16—18
622 839 650 878 μ
680 824 817 865 altus.

144 891 402 945 Apotliecia
447 892 669 946 dispersa,
717 896 826 933 6—8
865 904 972 931 mm.
1005 890 1160 938 diam.‚
1193 890 1426 945 adpressa,
1459 896 1656 945 anguste

29 959 190 1009 affixa,
238 964 399 1001 centro
445 961 679 1014 impressa,
727 958 806 1000 sed
849 972 940 999 non
984 958 1234 1012 perforata.
1295 958 1454 1013 Margo
1485 960 1652 1008 tenuis,

28 1029 206 1081 integer
227 1027 299 1068 vel
323 1027 601 1076 crenulatus,
625 1041 717 1067 non
741 1026 938 1068 ciliatus.
971 1025 1336 1081 Receptaculum
1357 1026 1654 1080 laevigatum,

30 1094 176 1135 thallo
208 1095 433 1143 concolor,
468 1099 623 1136 cortex
649 1093 926 1148 receptaculi
948 1093 1146 1143 decolor,
1171 1093 1428 1148 irregularis
1452 1094 1655 1147 (gonidia

29 1176 166 1216 saepe
210 1175 356 1215 usque
401 1163 459 1203 ad
506 1162 754 1216 marginem
800 1163 949 1215 ipsum
995 1162 1202 1212 exeunt),
1249 1164 1414 1202 25—50
1456 1176 1483 1214 μ
1515 1161 1652 1210 altus,

30 1229 214 1284 hyphae
253 1230 433 1271 corticis
474 1229 886 1283 perpendiculares,
919 1228 1369 1283 pachydermaticae,
1402 1228 1653 1270 luminibus

29 1297 289 1352 conspicuis
321 1302 579 1351 separatae.
640 1297 837 1338 Gonidia
868 1296 954 1337 sub
985 1296 1195 1350 excipulo
1227 1301 1273 1337 et
1294 1296 1414 1337 infra
1437 1297 1653 1338 corticem

28 1364 306 1418 receptaculi
352 1366 398 1405 in
445 1368 594 1406 strato
639 1366 861 1406 continuo
906 1364 1147 1418 disposita.
1213 1364 1493 1418 Excipulum
1538 1363 1653 1405 bene

29 1431 285 1481 evolutum,
334 1435 499 1473 20—25
548 1447 573 1486 μ.
614 1432 775 1482 altum,
808 1431 1005 1480 decolor,
1043 1431 1129 1473 sub
1161 1436 1263 1472 toto
1294 1431 1576 1486 hypothecio
1607 1436 1654 1473 et

29 1499 88 1540 ad
119 1498 265 1540 latera
286 1499 490 1553 hymenii
512 1500 765 1541 evolutum.
806 1498 1154 1554 Hypothecium
1175 1499 1462 1548 subdecolor‚
1488 1502 1653 1540 20—25

32 1581 58 1620 μ
103 1567 265 1608 altum.
326 1567 492 1608 Discus
537 1567 806 1621 subplanus,
853 1580 1038 1621 opacUS,
1072 1566 1217 1608 dilute
1248 1566 1654 1608 flavofuscescens.

30 1634 313 1689 Hymenium
369 1639 535 1676 55——60
589 1651 614 1689 μ
663 1635 824 1684 altum,
877 1634 1060 1676 decolor
1111 1634 1184 1676 vel
1236 1640 1371 1689 parte
1421 1636 1655 1689 superiore

30 1701 176 1743 dilute
198 1702 467 1752 flavescens,
487 1717 580 1744 non
598 1704 867 1757 inspersum,
887 1707 1037 1744 strato
1055 1702 1293 1757 amorpho,
1313 1707 1422 1743 4—5
1442 1718 1468 1757 μ
1485 1717 1651 1751 crasso,

31 1774 222 1811 tectum.
297 1769 588 1825 Paraphyses
648 1774 823 1820 tenues,
885 1771 1014 1825 apice
1074 1784 1167 1811 non
1226 1771 1523 1818 incrassatae,
1585 1784 1655 1811 ra-

31 1851 198 1888 mosae,
246 1838 481 1879 interdum
526 1852 973 1887 ramoso-connexae,
1022 1838 1179 1879 crebre
1227 1840 1338 1887 (non
1383 1840 1652 1889 constricte)

31 1910 257 1959 septatae.
307 1906 410 1947 Asci
440 1906 709 1947 membrana
733 1906 963 1955 mediocri,
988 1920 1185 1960 superne
1206 1907 1475 1955 incrassata,
1500 1906 1653 1954 cincti,

31 1972 217 2023 clavati,
263 1978 315 2014 45
355 1988 383 2026 μ
424 1973 547 2027 longi
579 1978 625 2014 et
659 1977 709 2015 16
742 1988 767 2027 μ
799 1974 953 2022 crassi,
987 1974 1234 2027 octospori.
1297 1972 1467 2027 Sporae
1499 1973 1656 2014 biseri-

31 2040 165 2081 aliter
209 2040 476 2095 dispositae,
524 2046 706 2090 ovatae,
750 2041 843 2082 late
874 2041 1028 2082 ovales
1060 2041 1131 2082 vel
1164 2042 1303 2082 etiam
1336 2040 1654 2095 subglobosae,

31 2112 229 2161 anguste
260 2108 493 2158 limbatae,
528 2112 665 2149 9——11
701 2123 728 2162 μ
759 2108 921 2162 longae
952 2114 999 2150 et·
1030 2113 1183 2158 5‚5-—8
1217 2124 1244 2162 μ
1275 2122 1468 2150 crassae.

143 2175 481 2230 Conceptacula
526 2176 967 2230 pycnoconidiorum
1011 2190 1269 2225 numerosa,
1314 2176 1392 2218 sed
1425 2190 1656 2231 pycnoco-

35 2243 160 2284 nidia
191 2243 365 2284 frustra
397 2244 725 2298 quaesivimus.

145 2310 308 2353 React.
345 2311 533 2353 Thallus
555 2310 689 2352 KOH
713 2316 849 2352 extus
870 2311 1015 2353 dilute
1037 2312 1307 2361 flavescens,
1330 2312 1456 2353 intus
1479 2313 1657 2353 intense

31 2377 292 2428 rubescens,
325 2378 530 2431 CaCl2O2
552 2392 644 2419 non
667 2378 912 2420 coloratur.
956 2379 1063 2420 Asci
1084 2379 1113 2421 J
1136 2381 1435 2433 persistenter
1458 2379 1658 2420 caerule-

33 2450 226 2495 scentes,
259 2446 545 2500 paraphyses
575 2451 622 2488 et
654 2445 856 2500 gelatina
887 2446 1089 2501 hymenii
1119 2446 1150 2488 J
1180 2461 1273 2488 non
1305 2447 1585 2488 colorantur.

146 2514 408 2567 Paraquay:
439 2515 603 2555 Territ.
637 2514 763 2555 Gran
793 2514 958 2563 Chaco,
992 2515 1049 2556 ad
1083 2515 1171 2556 Rio
1202 2515 1354 2568 Negro
1379 2519 1442 2556 14.
1467 2518 1506 2556 9.
1535 2517 1654 2563 1893,

33 2580 93 2621 ad
125 2581 357 2622 corticem.

455 2753 518 2790 ll.
579 2750 823 2792 Parmelia
854 2751 1094 2793 latissima
1125 2750 1241 2792 Fra.

146 2850 249 2891 ΕΕΕ
279 2850 417 2891 Essai
448 2850 597 2904 Crypt.
631 2838 811 2893 Ecorces
842 2851 1055 2905 Exotique
1086 2851 1319 2906 Supplem.
1346 2854 1464 2899 1837,
1489 2865 1533 2905 p.
1562 2855 1654 2900 119,

35 2917 131 2958 tab.
157 2922 222 2966 38,
257 2917 333 2972 fig.
362 2921 378 2958 1
404 2922 449 2959 et
471 2917 568 2960 tab.
593 2921 659 2968 42,
684 2918 762 2972 fig.
785 2923 825 2960 4.
873 2918 1152 2960 NYLANDER
1173 2918 1394 2972 Synopsis
1414 2918 1657 2960 Lichenum
