1882 3190
205 102 282 140 132
480 109 634 137 ΑΒΚΝ
665 99 758 138 FoR
789 109 1019 139 BOTANIK.
1082 109 1214 138 BAND
1246 96 1311 138 13.
1372 108 1454 138 Nzo
1485 96 1549 138 13.

200 211 330 253 Seine
362 208 717 264 Konzeptakeln
747 209 848 250 sind
880 208 1143 250 bedeutend
1173 207 1348 249 kleiner
1377 207 1444 249 als
1465 207 1723 263 diejenigen
1741 208 1822 250 der

201 277 444 332 Pykniden
479 277 647 329 (Diam.
681 280 845 318 85—95
879 291 905 331 μ
935 290 1078 330 gegen
1114 278 1334 317 180—220
1365 276 1426 330 μ).
1460 299 1512 304 -

311 345 396 385 Die
426 344 615 385 Flechte
645 344 706 385 ist
736 344 882 385 durch
914 344 987 385 die
1018 342 1149 384 stark
1179 342 1409 396 runzelige
1439 342 1725 392 Oberfffiohe,
1748 343 1822 385 die

198 411 639 467 perlschnurformig
655 411 962 465 gegliederten
977 409 1274 465 Paraphysen
1291 409 1388 451 und
1409 409 1660 452 besonders
1675 410 1822 452 durch

197 480 271 521 die
316 479 483 533 langen
526 478 910 533 Pyknokonidien
954 483 1037 533 gut
1068 477 1459 520 charakterisiert.
1520 476 1606 519 Die
1636 476 1821 533 Pykno-

198 547 417 589 konidien
463 546 564 588 sind
612 557 743 588 sonst
787 547 903 588 eben
934 547 980 587 in
1011 545 1159 586 dieser
1189 545 1328 599 Sippe
1358 544 1562 586 ziemlich
1595 544 1822 587 konstant

197 614 460 656 bedeutend
491 614 656 656 kiirzer
687 615 824 665 (etwa
855 619 964 655 4-—6
983 615 1043 665 (7)
1080 627 1105 667 μ
1135 612 1276 667 lang).

618 787 684 825 62.
745 783 987 826 Parmelia
1019 782 1238 836 rupicola
1267 795 1311 823 n.
1344 796 1411 837 sp.

310 885 498 927 Thallus
530 888 637 928 6—7
661 899 745 926 cm.
780 884 915 933 latus,
939 888 1067 926 arcte
1088 883 1348 937 adpressus,
1371 883 1561 938 rigidus.
1607 883 1822 925 Laciniae

194 953 450 1007 elongatae,
499 951 612 994 bene
658 953 908 1001 radiantes,
955 955 1152 1001 0,7—1,5
1186 965 1294 993 mm.
1340 951 1477 1001 latae,
1518 951 1722 993 iteratim
1755 950 1821 992 bi-

195 1021 269 1064 vel
315 1021 599 1069 trifurcatae,
653 1021 783 1075 apice
828 1020 1164 1061 subtruncatae
1215 1018 1286 1061 vel
1337 1020 1665 1074 emarginatae,
1708 1024 1823 1061 arcte

196 1090 437 1142 contiyuae,
484 1093 697 1130 centrum
740 1102 899 1129 versus
940 1088 1083 1128 etiam
1127 1087 1486 1129 crustiformiter
1516 1086 1819 1137 confluentes,

193 1157 332 1199 crebre
365 1156 649 1198 transversim
684 1161 853 1209 ruptae,
878 1154 1059 1209 planae,
1082 1154 1354 1209 laevigatae,
1377 1154 1656 1203 subnitidae,
1691 1154 1820 1204 ciliis,

194 1224 338 1266 isidiis
383 1228 430 1265 et
475 1223 666 1265 sorediis
711 1223 980 1264 destitutae.
1041 1222 1175 1265 Color
1219 1223 1500 1272 stramineus‚
1548 1221 1618 1264 vel
1655 1222 1822 1265 albido-

194 1293 476 1341 stramineus,
508 1295 718 1332 centrum
750 1305 908 1332 versus
939 1290 1187 1332 obscurior.

308 1359 479 1402 Cortex
522 1359 730 1413 superior
770 1373 836 1400 ca.
881 1362 934 1400 20
966 1373 994 1412 μ
1036 1358 1172 1408 altus,
1219 1357 1820 1413 subpseudoparenchyma-

192 1429 329 1469 ticus:
361 1426 545 1482 hyphae
565 1431 691 1468 arcte
709 1427 966 1480 contiguae,
986 1425 1157 1475 crebre,
1176 1424 1287 1479 (non
1304 1424 1572 1475 constricte)
1591 1429 1818 1480 septatae,

202 1504 239 1543 213
278 1494 538 1548 adspersae,
574 1493 885 1543 indistinctae,
919 1498 1096 1543 tenues,
1131 1498 1155 1535 5
1179 1507 1205 1548 μ
1236 1507 1430 1535 crassae.
1476 1491 1679 1534 Medulla
1698 1492 1818 1542 alba,

200 1565 420 1605 160—210
451 1576 479 1616 μ
510 1561 620 1610 alta,
654 1561 838 1615 hyphae
867 1569 903 1609 ᾗ
933 1561 1194 1616 adspersae,
1225 1565 1333 1602 2-4
1356 1575 1384 1615 μ
1405 1574 1599 1603 crassae.
1651 1560 1820 1603 Cortex

195 1630 383 1672 inferior
413 1630 554 1684 niger,
588 1630 753 1678 tenuis,
787 1633 925 1670 8—10
957 1644 983 1683 μ
1014 1629 1152 1670 altus.

309 1697 564 1752 Apothecia
585 1710 841 1747 numerosa,
863 1702 978 1739 arcte
993 1697 1217 1750 adpressa,
1236 1710 1329 1738 non
1346 1696 1596 1751 perforata,
1615 1696 1822 1751 dispersa

195 1771 242 1807 et
274 1764 477 1807 rotunda
508 1764 580 1806 vel
612 1770 831 1817 congesta
862 1769 909 1805 et
939 1769 1105 1806 mutua
1136 1765 1370 1819 pressione
1399 1763 1638 1819 angulosa,
1680 1763 1821 1805 diam.

201 1837 351 1883 1‚5-2
383 1846 490 1874 mm.
552 1831 710 1886 Margo
743 1832 908 1881 tenuis,
942 1833 1119 1873 minute
1149 1831 1434 1883 crenulatus3
1476 1831 1820 1886 receptaculum

196 1901 477 1956 rugulosum,
526 1898 671 1941 thallo
717 1899 929 1940 concolor
974 1900 1047 1941 vel
1091 1913 1257 1954 parum
1301 1899 1493 1941 dilutius
1538 1899 1817 1949 coloratum;

195 1974 353 2011 cortex
392 1967 672 2022 receptaculi
703 1967 901 2017 decolor,
945 1971 1113 2010 30—60
1145 1981 1173 2022 μ
1203 1967 1341 2017 altus,
1374 1967 1562 2022 hyphae
1592 1973 1820 2021 septatae,

194 2035 646 2091 pachydermaticae,
681 2035 931 2077 luminibus
954 2034 1247 2077 cellularibus
1269 2035 1528 2090 conspicuis
1548 2035 1820 2076 instructae.

195 2104 393 2147 Gonidia
427 2103 513 2144 sub
544 2103 755 2156 excipulo
786 2104 832 2144 in
863 2108 1013 2145 strato
1044 2104 1268 2145 continuo
1298 2103 1540 2157 disposita,
1572 2102 1694 2144 infra
1725 2115 1821 2144 cor-

196 2174 334 2214 ticem
379 2170 657 2225 receptaculi
701 2171 883 2215 desunt.
956 2170 1304 2226 Hypothecium
1348 2170 1547 2218 decolor,
1598 2173 1761 2213 17—30
1792 2184 1821 2224 μ

193 2240 356 2288 altum,
395 2237 607 2292 excipulo
638 2239 857 2279 crassiore
888 2238 1073 2287 (30-50
1097 2253 1122 2292 μ.
1144 2238 1259 2291 alto)
1293 2237 1427 2280 valde
1448 2237 1608 2279 simile.
1654 2237 1820 2279 Discus

194 2307 373 2357 badius,
422 2306 602 2360 planus,
650 2319 743 2346 non
788 2306 1046 2359 pruinosus.
1107 2306 1391 2361 Hymenium
1435 2319 1632 2360 superne
1674 2304 1820 2347 dilute

196 2375 601 2423 luteofuscescens,
635 2378 838 2414 ceterum
868 2373 1065 2424 decolor,
1098 2388 1191 2415 non
1223 2375 1496 2428 inspersum,
1531 2377 1584 2415 80
1606 2387 1634 2427 μ
1655 2373 1818 2423 altum,
1859 2377 1862 2381 ’

196 2447 346 2485 strato
391 2440 615 2496 amorpho
660 2440 884 2490 decolore,
932 2446 1041 2482 6—8
1074 2456 1101 2495 μ
1132 2455 1300 2491 crasso,
1333 2445 1523 2483 tectum.
1580 2440 1821 2495 Paraphy-

193 2525 263 2552 ses
308 2511 437 2565 apice
482 2523 575 2550 non
620 2509 916 2558 incrassatae,
961 2509 1119 2550 crebre
1165 2523 1372 2551 ramosae
1417 2513 1465 2550 et
1505 2522 1820 2550 ramoso-con-

194 2592 353 2626 nexae,
402 2591 496 2618 non
537 2580 750 2630 septatae
792 2576 865 2617 Vel
906 2578 1084 2630 apicem
1116 2591 1274 2618 versus
1304 2590 1441 2631 parce
1472 2580 1519 2618 et
1549 2575 1820 2617 indistincte

195 2650 422 2700 septatae.
496 2644 601 2685 Asci
655 2643 840 2692 clavati,
897 2645 1143 2698 octospori,
1189 2644 1457 2686 membrana
1507 2657 1702 2698 superne
1751 2644 1818 2684 in-

196 2718 401 2754 crassata
440 2711 726 2759 circumdati,
770 2715 823 2752 50
855 2726 882 2765 μ.
913 2711 1035 2766 longi
1078 2717 1124 2754 et
1170 2715 1332 2756 15—17
1364 2727 1393 2766 μ
1423 2712 1579 2754 crassi.
1646 2711 1817 2765 Sporae

195 2785 391 2833 anguste
412 2780 646 2829 limbatae,
669 2778 761 2820 lat-e
783 2778 1075 2832 ellipsoidcae
1096 2779 1169 2821 vel
1190 2779 1360 2829 ovales‚
1384 2783 1568 2829 9‚3—10
1591 2793 1616 2833 μ
1638 2778 1815 2832 longae,

196 2852 392 2897 5,3-6,3
428 2862 456 2901 μ
487 2861 679 2888 crassae,

307 2914 648 2969 Conceptacula
703 2914 1145 2968 pycnoconidiorum
1202 2915 1248 2956 in
1293 2914 1501 2969 apicibus
1546 2913 1817 2955 laciniarum
