1882 3190
197 111 249 148 92
472 117 626 146 ARKIV
656 107 751 146 Fon
780 117 1012 147 Bo'rANIK.
1074 117 1207 146 BAND
1238 104 1304 146 13.
1365 117 1448 146 Νιο
1478 105 1543 147 13.

194 225 264 260 tas
294 219 417 270 niqer
447 217 520 259 vel
551 217 733 259 ambitu
763 221 959 272 anguste
989 217 1415 270 fusco-nigrescens.
1463 216 1652 259 Thallus
1673 231 1820 272 usque

193 286 252 327 ad
282 286 462 339 apicem
493 285 703 326 loborum
734 285 1002 331 rhizinosus,
1036 284 1241 326 rhizinae
1265 285 1437 337 nigrae,
1461 288 1685 335 O‚25—O‚5
1709 299 1817 327 mm.

192 354 368 407 longae,
402 356 456 394 40
490 367 515 407 μ
547 367 740 395 crassae.

304 420 493 461 Thallus
527 423 748 463 130—200
772 435 797 475 μ
828 421 965 462 altus.
1018 421 1187 462 Cortex
1208 420 1419 473 superior
1443 424 1606 462 18—25
1632 434 1658 462 υ.
1678 420 1818 470 altus,

192 492 341 529 strato
383 488 609 541 amorpho
653 490 797 538 tenui,
846 493 870 530 3
904 503 931 542 μ
961 488 1072 537 alto,
1113 491 1280 537 tectus,
1313 487 1499 542 hyphae
1530 488 1716 529 corticis
1746 492 1822 529 sat

192 555 643 610 pachydermaticae,
683 557 933 598 constricte
964 560 1190 609 septatae,
1222 555 1640 610 perpendiculares,
1673 569 1822 596 ramo-

193 637 284 671 sae,
319 624 364 664 in
396 628 530 677 parte
561 625 787 665 exteriore
818 629 945 665 arcte
976 624 1233 676 contiguae.
1295 622 1498 664 Medulla
1528 622 1649 672 alba,
1686 626 1821 665 100—

196 695 274 732 160
296 705 324 744 μ
355 691 465 740 alta,
497 691 684 746 hyphae
715 691 990 733 medullares
1023 694 1133 731 2-4
1157 705 1183 744 μ
1214 704 1411 741 crassae,
1445 704 1583 745 parce
1613 703 1821 731 ramosae

194 763 240 799 et
272 772 408 812 parce
439 764 664 813 septatae,
702 760 868 801 leviter
898 758 971 801 vel
1002 772 1096 799 non
1126 757 1386 813 adspersae.
1448 757 1647 800 Gonidia
1678 758 1819 799 diam.

196 830 304 868 7—9
339 841 378 880 μ,
423 841 559 881 saepe
600 828 647 868 in
691 828 908 868 corticem
945 826 1014 867 vel
1050 826 1143 867 fere
1175 839 1321 880 usque
1351 827 1399 867 in
1430 826 1720 880 superficiem
1753 827 1822 867 in-

194 895 370 935 stantia
400 895 632 938 videntur.
692 895 859 937 Cortex
891 894 1078 936 inferior
1108 894 1280 944 fuscus,
1318 898 1480 937 11—13
1512 908 1539 948 μ.
1570 893 1704 935 altus.

310 962 567 1016 Apothecia
603 977 861 1012 numerosa,
895 962 1144 1003 mediocria
1176 961 1249 1002 vel
1279 975 1462 1016 magna,
1494 961 1634 1003 diam.
1668 965 1821 1011 5—10‚

195 1043 341 1084 usque
376 1033 425 1073 17
457 1044 581 1080 mm„
628 1030 836 1084 dispersa
880 1036 926 1071 et
971 1029 1173 1070 rotunda
1219 1029 1292 1070 vel
1329 1033 1550 1083 congesta
1580 1033 1628 1070 et
1658 1033 1824 1070 mutua

193 1098 429 1151 pressione
446 1098 683 1151 angulosa,
701 1097 992 1152 pedicessata,
1014 1097 1250 1138 urceolata
1267 1096 1334 1138 vel
1350 1111 1571 1147 concava,
1587 1101 1824 1151 postremo

195 1164 427 1218 perforata.
517 1166 676 1219 Margo
722 1167 888 1215 tenuis,
944 1166 1179 1214 incurvus,
1226 1165 1430 1219 integer3
1477 1164 1823 1219 receptaculum

194 1232 338 1274 thallo
370 1233 602 1282 concolor,
636 1234 920 1288 laevigatum
952 1233 1028 1274 vel
1058 1232 1616 1287 reticulato-rugulosum;
1661 1237 1823 1274 cortex

199 1301 478 1354 receptaculi
511 1303 768 1353 25—40(50)
793 1317 821 1355 μ
852 1301 988 1350 altus,
1021 1300 1310 1350 subdecolor,
1343 1314 1400 1341 ex
1431 1299 1601 1355 hyphis
1630 1313 1826 1354 perpen-

194 1367 492 1418 dicularibus,
525 1368 959 1423 pachydermaticis,
993 1369 1203 1422 septatis,
1227 1368 1469 1410 formatus.
1517 1367 1716 1409 Gonidia
1737 1367 1824 1408 sub

195 1436 407 1490 excipulo
464 1442 511 1478 et
564 1437 684 1478 infra
729 1438 947 1478 corticem
992 1436 1272 1490 receptaculi
1318 1437 1365 1477 in
1408 1441 1559 1477 strato
1601 1436 1826 1477 continuo

194 1503 434 1558 disposita.
497 1505 777 1559 Excipulum
821 1505 1019 1553 decolor,
1068 1504 1154 1545 sub
1200 1508 1303 1545 toto
1348 1503 1631 1558 hypothecio
1676 1507 1724 1545 et
1764 1502 1825 1544 ad

195 1572 344 1614 latera
390 1572 591 1626 hymenii
626 1573 880 1622 evolutum,
913 1587 970 1614 ex
1001 1572 1172 1626 hyphis
1205 1572 1342 1613 valde
1372 1572 1617 1621 intricatis,
1651 1570 1825 1626 pachy-

195 1640 462 1682 dermaticis
493 1640 760 1690 formatum,
786 1655 878 1682 una
899 1654 1001 1682 cum
1027 1639 1310 1694 hypothecio
1331 1639 1543 1681 decolore
1564 1638 1639 1680 vel
1659 1638 1826 1680 leviter

199 1708 447 1750 obscurato
479 1712 644 1750 20—25
679 1724 705 1763 μ
736 1709 897 1750 altum.
959 1708 1125 1750 Discus
1169 1707 1432 1750 urceolatus
1473 1706 1547 1748 vel
1576 1719 1824 1755 concavus,

198 1776 364 1817 badius
408 1776 481 1817 vel
526 1776 803 1827 rufofuscus,
851 1777 1040 1824 nitidus,
1088 1790 1181 1818 non
1219 1776 1479 1831 pruinosus.
1542 1775 1826 1829 Hymenium

199 1848 379 1894 65-80‚
413 1844 552 1898 vulgo
584 1849 750 1887 65—70
774 1859 799 1899 μ
830 1845 991 1895 altum,
1025 1858 1224 1900 superne
1254 1842 1675 1891 luteo-fuscescens,
1708 1845 1828 1883 cete-

199 1925 301 1952 rum
343 1912 540 1961 decolor,
585 1917 733 1953 strato
771 1913 993 1967 a-morpho
1029 1913 1255 1961 decolore,
1288 1915 1398 1952 4—5
1432 1925 1458 1965 μ
1489 1909 1599 1958 alto,
1633 1914 1825 1952 tectum.

200 1979 491 2034 Paraphyses
540 1980 789 2033 gelatinam
842 1985 915 2021 sat
965 1981 1147 2021 firmam
1195 1983 1527 2034 percurrentes,
1574 1976 1828 2026 filiformes,

199 2048 329 2101 apice
359 2062 453 2088 non
484 2048 780 2095 incrassatae,
810 2048 1035 2089 indivisae
1066 2048 1140 2089 vel
1170 2072 1224 2077 —
1255 2047 1501 2101 praecipue
1532 2045 1589 2087 ad
1613 2045 1743 2086 basin
1774 2067 1827 2072 —

200 2115 423 2164 furcatae,
448 2116 595 2156 rarius
618 2129 1069 2165 connexo-ramosae,
1093 2120 1321 2170 septatae,
1346 2114 1425 2156 sed
1448 2127 1541 2155 non
1563 2112 1827 2154 constricte.

202 2183 306 2225 Asci
349 2183 759 2237 oblongo-clavati,
803 2184 1070 2225 membrana
1112 2183 1345 2232 mediocri,
1390 2182 1521 2236 apice
1558 2181 1828 2228 incrassata,

202 2252 354 2300 cincti,
379 2255 546 2293 55—60
570 2266 595 2305 μ,
617 2251 754 2304 longi,
779 2255 940 2293 18—20
962 2266 990 2305 μ
1012 2252 1164 2300 crassi,
1188 2250 1433 2304 octospori.
1480 2248 1652 2303 Sporae
1674 2248 1829 2289 biseri-

202 2319 335 2361 aliter
364 2319 631 2373 dispositae,
665 2319 970 2372 ellipsoideae‚
1004 2324 1078 2361 sat
1108 2323 1304 2373 anguste
1334 2316 1568 2366 limbatae,
1605 2318 1768 2359 10—17
1800 2328 1829 2368 μ

203 2388 380 2442 longae,
414 2391 646 2440 aea—1011⁴
679 2401 857 2428 crassae
890 2387 1046 2441 (vulgo
1072 2391 1318 2431 11—l4><8
1353 2385 1412 2440 μ).

315 2454 656 2509 Conceptacula
699 2456 1143 2509 pycnoconidiorum
1179 2467 1440 2502 numerosa,
1473 2453 1518 2494 in
1551 2451 1681 2493 lobos
1713 2465 1830 2492 mar-

200 2523 374 2577 ginales
405 2523 651 2578 praecipue
683 2523 908 2575 immersa,
941 2522 1384 2577 depresso-globosa,
1420 2523 1688 2574 105-12ομ
1717 2518 1830 2568 alta,

205 2595 284 2633 150
321 2605 466 2645 usque
503 2594 580 2633 175
614 2604 639 2644 μ
670 2590 786 2640 lata3
826 2590 1142 2643 perifulcrium
1173 2590 1369 2632 fuscum.
1431 2587 1599 2629 Fulcra
1628 2586 1831 2628 endoba-

202 2660 397 2709 sidialia,
431 2658 610 2699 basidia
640 2658 1171 2711 filiformi-ampullacea,
1206 2661 1343 2699 8-10
1378 2671 1404 2711 μ
1434 2656 1585 2708 longa,
1622 2657 1774 2704 lxv—2
1805 2667 1831 2707 μ.

209 2742 374 2777 crassa,
422 2726 762 2782 pycnoconidia
806 2730 934 2767 recta
966 2726 1037 2767 Vel
1070 2726 1300 2773 subrecta,
1334 2724 1600 2779 cylindrica,
1634 2726 1771 2764 8-16
1805 2736 1832 2775 μ.

203 2795 353 2849 longa,
388 2802 454 2844 0‚7
491 2810 519 2848 μ
550 2808 704 2835 crassa
738 2794 894 2847 (vulgo
925 2797 1063 2834 8—12
1098 2795 1155 2847 μ).

319 2863 482 2904 React.
543 2861 732 2903 Thallus
764 2860 899 2902 KOH
931 2866 1065 2902 extus
1097 2861 1367 2911 flavescens,
1400 2861 1527 2901 intus
1557 2873 1582 2900 6
1613 2857 1738 2899 flavo
1759 2871 1831 2897 ru-

206 2930 393 2971 bescens
437 2931 562 2980 (mox
600 2929 671 2970 vel
703 2928 948 2981 interjecto
979 2933 1185 2981 tempore
1218 2952 1268 2957 —
1301 2927 1531 2969 solutione
1562 2926 1830 2975 exsiccata),
