1882 3190
25 147 204 184 LYNGE,
238 144 676 176 PSEUDOPARMELIA
706 143 817 173 GEN.
852 142 965 171 Nov.
999 142 1103 171 UND
1136 140 1384 170 PARMELIA
1414 139 1524 169 ACH.
1593 130 1644 168 73

24 261 171 295 cosus,
205 246 400 295 nitidus;
434 250 592 286 cortex
624 244 871 285 continuus
891 241 962 283 vel
984 242 1089 282 dein
1111 241 1171 282 ad
1193 246 1405 282 centrum
1427 238 1643 292 irregula-

22 316 134 356 riter
180 318 360 368 ruptus.
432 312 565 354 Color
609 311 1017 365 glauco-cinereus,
1066 309 1231 350 subtus
1281 308 1340 349 ad
1390 307 1642 361 marginem

24 387 282 429 castaneus,
315 380 505 428 nitidus,
538 379 704 427 nudus,
737 382 941 419 ceterum
973 377 1101 429 niger
1133 376 1206 417 vel
1236 376 1401 417 albiclo-
1433 380 1470 416 et
1498 374 1644 426 myro-

24 448 106 499 (vel
134 446 537 501 fusconiyrica7zti-)
569 447 828 498 varieqatus,
862 449 995 499 parte
1025 443 1181 484 albida
1212 444 1247 483 si
1280 447 1477 496 excepta
1504 441 1644 482 dense

23 515 226 557 breviter
254 515 524 563 rhizinosus,
559 515 759 555 rhizinae
790 513 959 566 nigrae.

135 583 303 625 Cortex
349 583 555 637 superior
599 580 782 622 decolor
820 579 893 620 vel
924 578 1209 626 subdecolor,
1247 581 1408 618 13—:22
1443 591 1468 630 μ.
1500 576 1640 624 altus;

23 650 207 705 hypbae
256 650 439 690 corticis
478 658 513 696 ss
558 648 814 702 adspersae,
866 646 1178 694 indistinctae,
1227 643 1643 700 perpendiculares,

23 716 469 772 pachydermaticae‚
503 720 728 770 septatae,
756 718 883 755 arcte
915 714 1159 766 contiguae
1191 711 1644 765 (subpseudoparcn-

22 784 346 839 chymaticae).
380 783 580 825 Medulla
601 782 719 830 alba,
747 784 964 823 loo—225
985 795 1010 834 μ.
1032 780 1142 828 alta,
1162 779 1345 834 hyphae
1368 778 1641 819 medullares

25 865 161 906 parce
206 851 466 907 adspersae,
512 854 620 892 3—5
653 864 679 904 μ,
716 863 907 890 crassae.
969 848 1136 889 Cortex
1168 847 1355 888 inferior
1386 846 1646 898 fusconiger

23 919 95 961 vel
131 918 328 967 decolor,
367 919 556 967 nitidus,
590 932 617 959 a
647 916 846 958 medulla
877 915 992 957 bene
1023 915 1261 963 limitatus,
1299 917 1460 955 10-22
1494 915 1582 963 (25)
1616 927 1644 965 μ,

21 986 159 1033 altus,
197 1001 253 1028 ex
286 986 453 1041 hyphis
486 984 914 1040 pachydermaticis,
948 982 1197 1024 luminibus
1227 982 1485 1035 conspicuis
1515 994 1644 1034 sepa-

23 1054 152 1102 ratis,
185 1054 427 1095 formatus.

135 1121 392 1175 Apothecia
423 1133 680 1169 numerosa,
714 1122 864 1160 totum
897 1118 991 1159 fere
1023 1117 1220 1159 thallum
1247 1118 1464 1171 tegentia,
1489 1129 1643 1156 urceo-

21 1188 132 1237 lata,
162 1189 378 1237 breviter,
414 1188 493 1229 sed
527 1188 744 1229 distincte
766 1185 1054 1241 pedicellata,
1077 1199 1166 1226 non
1187 1183 1418 1238 perforata,
1442 1183 1645 1224 rotunda

22 1256 93 1298 vel
140 1261 302 1297 mutua
341 1256 574 1311 pressione
616 1254 852 1307 angulosa,
885 1253 1022 1295 diam.
1057 1267 1202 1306 usque
1237 1257 1285 1293 15
1317 1266 1424 1293 mm.
1485 1251 1644 1304 Margo

21 1325 198 1377 integer
239 1322 311 1364 vel
354 1323 589 1371 dentatus,
630 1323 864 1370 incurvus,
898 1334 990 1362 non
1022 1319 1218 1361 ciliatus.
1280 1317 1645 1372 Receptaculum

21 1390 166 1432 thallo
216 1390 445 1439 concolor,
498 1403 714 1444 rugosum
760 1388 832 1430 vel
878 1389 1019 1430 etiam
1065 1387 1437 1435 scrobiculatum,
1486 1391 1644 1426 cortex

19 1458 298 1512 receptaculi
336 1463 469 1512 parte
504 1458 729 1499 exteriore
764 1456 1168 1505 flavosuscescens,
1207 1460 1410 1496 ceterum
1446 1453 1643 1503 decolor,

22 1526 158 1567 valde
189 1526 468 1579 irregularis:
506 1529 668 1567 10—80
701 1539 727 1578 μ
758 1524 894 1573 altus,
928 1538 983 1565 ex
1016 1523 1185 1577 hyphis
1210 1521 1644 1576 pacliydermaticis,

21 1594 264 1647 contiguis,
313 1594 508 1647 septatis
554 1593 793 1634 formatus
855 1591 1052 1633 Gonidia
1092 1590 1178 1631 sub
1209 1589 1419 1643 excipulo
1450 1593 1496 1629 et
1526 1588 1647 1629 infra

18 1662 235 1702 corticem
276 1660 556 1715 receptaculi
607 1683 658 1689 —
708 1659 786 1701 ubi
837 1658 1072 1700 interdum
1117 1658 1213 1699 fere
1258 1658 1304 1698 in
1352 1656 1645 1710 superficiem

15 1728 242 1770 instantia
283 1727 502 1769 videntur
546 1751 600 1757 —-
645 1728 691 1768 in
735 1731 885 1768 strato
930 1727 1153 1767 continuo
1186 1724 1375 1766 inclusa.
1440 1723 1642 1777 Excipu-

18 1796 113 1837 lum
158 1795 243 1837 sub
290 1799 391 1836 toto
437 1794 718 1849 hypothes-io
762 1799 807 1836 et
854 1794 914 1835 ad
959 1793 1107 1835 latera
1154 1793 1356 1846 hymenii
1387 1791 1641 1840 evolutum,

17 1863 214 1912 decolor,
239 1877 329 1904 una
351 1876 457 1904 cum
477 1862 758 1916 hypothecio
779 1861 1005 1903 subsimili
1027 1864 1193 1902 20—35
1218 1876 1244 1915 μ
1266 1859 1429 1901 altum.
1476 1859 1643 1899 Discus

19 1930 184 1972 badius
227 1930 301 1971 vel
343 1930 765 1979 flavo-fuscescens,
799 1929 990 1979 nitidus,
1025 1943 1118 1970 non
1147 1929 1409 1984 pruinosus.
1472 1927 1644 1980 Hyme-

19 1998 146 2040 nium
191 2004 324 2052 parte
369 1999 603 2051 superiore
648 1997 917 2046 flavescens,
964 2006 1171 2038 ceterum
1215 1995 1415 2045 decolor,
1454 2008 1546 2035 non
1578 1994 1644 2034 in-

21 2078 248 2121 spersum,
281 2070 372 2106 stra
383 2071 430 2107 to
461 2064 685 2117 a-morpho
706 2063 928 2114 decolore,
952 2069 1025 2105 sat
1046 2063 1162 2105 alto:
1200 2065 1361 2104 10—13
1386 2077 1427 2116 μ,
1452 2067 1642 2110 tectum,

22 2136 216 2174 90-—105
253 2147 280 2186 μ
325 2132 485 2175 altum.
546 2131 837 2187 Paraphyses
874 2131 1125 2185 gelatinam
1161 2131 1345 2172 firmam
1380 2143 1644 2184 percurren-

21 2204 105 2250 tes,
152 2199 406 2250 filiformes,
453 2201 582 2254 apice
628 2198 753 2240 haud
799 2199 867 2240 vel
916 2199 1080 2240 leviter
1132 2198 1641 2246 clavato—incrassatae,

20 2268 228 2309 increbre
275 2271 387 2321 (non
417 2268 686 2319 constricte)
717 2270 942 2321 septatae,
975 2279 1414 2307 ramoso-connexae
1445 2264 1518 2306 vel
1550 2264 1643 2305 fur-

21 2339 168 2376 catae.
234 2335 341 2376 Asci
385 2335 738 2383 ovato—clavati,
786 2338 952 2377 55—75
985 2349 1013 2387 μ
1043 2334 1182 2388 longi,
1230 2337 1394 2376 27—35
1428 2347 1456 2386 μ
1487 2332 1642 2380 crassi,

22 2402 292 2444 membrana
340 2403 570 2451 mediocri,
617 2403 745 2456 apice
790 2401 954 2443 leviter
998 2402 1266 2450 incrassata,
1315 2400 1468 2449 cincti,
1518 2404 1644 2440 octo-

20 2470 157 2523 spori.
220 2468 391 2524 Sporae
434 2469 709 2511 biserialiter
744 2469 1010 2523 dispositae,
1059 2468 1215 2510 ovales
1261 2467 1335 2509 vel
1380 2467 1473 2508 late
1516 2466 1644 2520 ellip-

22 2536 218 2586 soideae,
251 2537 460 2586 obtusae,
493 2537 586 2578 late
618 2536 838 2577 limbatae
869 2538 1042 2587 (2,5—4
1074 2539 1134 2590 μ),
1168 2549 1381 2590 magnae:
1418 2538 1582 2576 24--30
1617 2548 1642 2587 μ

21 2604 198 2658 longae‚
237 2609 483 2654 10,5—17,5
521 2620 546 2659 μ.
578 2618 770 2645 crassae.

133 2671 473 2726 Conceptacula
503 2671 943 2726 pycnoconidiorum
974 2685 1232 2720 numerosa,
1266 2671 1312 2710 in
1343 2670 1563 2711 laminam
1594 2674 1641 2711 et

20 2740 198 2794 apicem
239 2739 450 2780 loborum
493 2741 719 2788 immersa,
764 2738 952 2793 globosa
984 2738 1055 2780 vel
1087 2736 1527 2793 depresso-globosa,
1566 2740 1643 2778 100

23 2810 162 2848 -180
203 2821 228 2861 μ.
273 2806 384 2857 alta,
435 2810 654 2848 130—200
697 2821 725 2860 μ
769 2805 886 2856 lata;
934 2806 1247 2860 perifulcrium
1294 2805 1643 2859 fusco-nigrum,

22 2874 194 2916 circum
238 2873 456 2915 ostiolum
500 2874 800 2915 obscuratum
844 2879 891 2915 et
921 2875 1242 2915 incrassatum.
1304 2872 1472 2913 Fulcra
1503 2872 1643 2913 endo-

23 2940 277 2990 basidialia‚
325 2941 502 2983 basidia
547 2940 900 2995 subcylindrica,
949 2945 1057 2984 5—-7
1091 2955 1118 2994 μ
1154 2940 1305 2994 longa,
1355 2943 1378 2980 2
1412 2955 1437 2994 μ,
1469 2954 1642 2990 crassa;
