1882 3190
23 127 201 165 LYNGE,
234 125 677 156 PSEUDOPARMELIA
705 125 818 156 GEN.
842 125 954 154 Nov.
980 125 1084 155 UND
1116 125 1363 154 PARMELIA
1393 124 1502 154 Aca.
1564 117 1642 154 155

371 264 438 303 75.
499 260 743 304 Parmelia
773 259 957 304 Uleana
987 258 1138 300 Mum..
1172 259 1290 301 Ano.

132 361 338 403 MULLER
369 361 700 404 Anoovmnsis
731 360 1109 413 Lichenoloqische
1130 360 1330 413 Beitrdqe
1352 359 1544 402 XXXII
1565 374 1639 401 no.

18 432 144 478 1500,
183 429 319 471 Flora
359 433 478 478 1889,
515 442 562 483 p.
601 433 695 470 506.
763 428 961 469 WAINIO
999 427 1257 469 Reactiones
1288 428 1508 470 lichenum
1538 442 1566 469 a
1595 427 1639 469 J.

18 496 224 538 MULLER
250 496 368 538 ARG.
400 497 611 550 descripti
640 510 685 550 p.
713 499 752 545 3,
777 495 1016 537 Μέφηοίνεδ
1036 495 1087 536 de
1108 495 1271 537 l'Herb.
1294 495 1494 537 Boissier
1519 498 1640 545 1900,

18 577 92 605 no.
125 569 161 605 5.
222 564 630 606 ZAHLBRUOKNER
665 563 878 605 Lichenes
914 564 961 603 in
998 562 1261 615 Erqebnisse
1297 563 1372 604 der
1407 563 1549 605 botan.
1571 596 1579 604 .
1602 596 1639 605 ..

17 631 134 684 Exp.
165 632 279 673 nach,
308 631 617 674 Sildbrasilien
654 634 775 672 1901.
835 629 1176 682 Denkschrijten
1205 629 1280 671 der
1310 630 1370 671 K.
1393 663 1400 671 .
1423 663 1461 671 ..
1496 630 1640 672 Alcad.

14 698 91 740 der
132 698 502 752 Wissenschajten
538 698 629 740 Vol.
667 697 938 746 LXXXIII,
971 711 1016 751 p.
1051 701 1099 738 81
1135 697 1269 749 (167).
1330 698 1475 739 VVien.
1519 701 1639 739 1909.

131 765 239 821 Syn.
274 767 501 809 Parmelv'a
530 766 854 818 slavidoqlauca
883 764 1041 806 WAIN.
1074 751 1214 806 Etude
1244 764 1278 814 I,
1302 779 1346 819 p.
1371 769 1438 814 65,
1462 766 1509 806 in
1529 765 1643 807 Acta

16 833 254 875 Societatis
286 848 364 887 pro
395 834 560 875 Fauna
591 839 628 874 et
657 833 792 875 Flora
822 832 1003 886 senm‘ca
1033 832 1123 874 vol.
1156 832 1260 880 VII,
1299 836 1417 874 1890.

130 901 307 943 Exsicc.
368 901 563 943 WAINIO
599 901 722 942 Lich.
755 900 868 943 bras.
905 903 1008 942 1301
1043 900 1290 951 (Parmelz‘a
1319 899 1640 954 flavidoqlauca

15 966 209 1021 wilm).

128 1035 317 1077 Thallus
353 1035 726 1085 suborbicularis,
759 1035 898 1076 diam.
931 1038 1041 1076 6—9
1073 1048 1173 1085 cm.,
1206 1034 1468 1089 adpressus‚
1501 1049 1641 1076 mem-

15 1102 272 1145 branaceus
314 1103 387 1145 vel
418 1103 755 1158 rigidiusculus,
795 1107 1007 1144 centrum
1039 1115 1201 1144 versus
1232 1102 1326 1144 fere
1357 1107 1638 1144 crustaceus.

14 1170 230 1212 Laciniae
262 1170 567 1226 peripheriam
599 1184 760 1212 versus
790 1170 1048 1225 elongatae,
1072 1169 1188 1211 bene
1209 1170 1461 1220 radiantes,
1485 1173 1635 1220 2-3,5

14 1251 123 1279 mm.
169 1239 306 1288 latae,
359 1240 490 1293 apice
541 1238 779 1288 dilatatae,
831 1238 1013 1293 planae,
1064 1242 1192 1279 arcte
1243 1238 1514 1279 imbricatae
1565 1237 1639 1279 vel

13 1307 273 1360 contiguae,
306 1306 510 1348 iteratim
543 1304 608 1347 bi·
639 1305 713 1347 vel
744 1305 1017 1347 trifurcatae
1048 1310 1095 1347 et
1121 1330 1173 1335 —
1202 1319 1296 1347 non
1329 1305 1561 1360 profunde
1585 1331 1636 1335 -—

13 1374 407 1423 sinuato-incisae,
452 1373 679 1415 lacinulae
723 1373 1006 1415 rotundatae
1050 1377 1097 1414 et
1128 1386 1283 1427 grosse
1314 1377 1544 1423 crenatae,
1577 1373 1637 1414 ad

14 1439 148 1482 basin
189 1440 365 1482 sinibus
401 1442 611 1495 angustis
647 1446 901 1495 separatae.
962 1440 1177 1482 Laciniae
1208 1440 1506 1482 secundariae
1536 1454 1639 1495 par·

14 1522 114 1558 vae,
137 1509 184 1549 in
201 1507 300 1549 aliis
318 1508 642 1563 speciminibus
656 1512 730 1550 sat
750 1522 1035 1558 numerosae,
1054 1508 1101 1549 in
1117 1507 1217 1550 aliis
1234 1508 1417 1550 desunt.
1451 1508 1640 1550 Thallus

11 1575 140 1625 ciliis,
174 1576 365 1617 sorediis
396 1576 634 1630 isidiisque
664 1576 934 1626 destitutus,
967 1576 1226 1630 laevigatus
1258 1575 1330 1617 vel
1360 1577 1539 1617 minute
1567 1590 1640 1617 ru-

14 1643 216 1697 gulosus,
265 1644 455 1693 nitidus,
503 1649 713 1685 centrum
745 1657 903 1685 versus
934 1643 1211 1698 subopacus,
1244 1648 1403 1685 cortex
1434 1644 1494 1685 ad
1525 1644 1640 1698 peri-

16 1710 223 1765 pheriam
255 1711 404 1752 solum
434 1712 695 1761 continuus,
728 1715 934 1753 ceterum
955 1713 1255 1753 transversim
1277 1716 1459 1765 ruptus.
1506 1711 1640 1753 Color

11 1777 316 1820 ochroleucus
361 1778 434 1820 vel
479 1778 1087 1833 glaucescenti-stramineus
1130 1779 1203 1820 vel
1249 1779 1639 1821 virescenti-stra.-

12 1846 205 1895 mineus,
239 1847 284 1887 in
317 1850 476 1888 centro
498 1846 749 1896 obscurior,
773 1846 940 1888 subtus
961 1846 1108 1888 dilute
1129 1846 1301 1896 fuscus,
1327 1846 1387 1888 ad
1408 1846 1638 1888 ambitum

12 1913 248 1955 olivaceus
280 1913 352 1955 vel
384 1913 659 1959 fuscescens.
693 1913 883 1955 nitidus.
934 1913 1121 1956 Thallus
1152 1914 1246 1955 fere
1279 1928 1424 1968 usque
1454 1914 1514 1955 ad
1544 1914 1641 1968 api-

13 1995 113 2022 cem
150 1980 421 2022 laciniarum
453 1980 642 2022 rhizinis
673 1981 994 2024 concoloribus
1025 1981 1097 2023 vel
1129 1981 1311 2031 albidis,
1345 1982 1551 2031 ramosis,
1587 1985 1640 2023 60

15 2052 127 2089 -80
161 2062 187 2101 μ
218 2048 394 2097 crassis,
430 2049 702 2090 instructus.

128 2115 295 2157 Cortex
326 2116 536 2168 superior
567 2115 660 2157 fere
691 2116 891 2166 decolor,
924 2131 978 2157 ex
1010 2116 1177 2171 hyphis
1209 2117 1508 2166 indistinctis,
1541 2130 1641 2171 per-

12 2182 400 2238 pendicularibus,
447 2188 521 2224 sat
566 2183 1000 2238 pachydermaticis‚
1048 2185 1259 2239 septatis,
1303 2184 1636 2238 subcontiguis,

14 2251 259 2299 formatus,
310 2253 473 2291 13-25
506 2264 534 2303 μ
565 2250 701 2301 altus,
749 2256 898 2293 strato
943 2251 1168 2306 amorpho
1213 2251 1436 2301 decolore,
1473 2254 1578 2292 1—-3
1613 2266 1639 2306 μ

12 2331 180 2366 crasso,
229 2321 394 2358 tectus.
456 2318 659 2359 Medulla
704 2319 868 2372 pallide
911 2319 1164 2372 sulphurea,
1217 2322 1437 2360 130—340
1480 2317 1638 2372 (vulgo

15 2386 256 2436 200—250)
291 2399 317 2438 μ
347 2384 458 2433 alta,
491 2384 675 2439 hyphae
706 2385 982 2428 medullares
1013 2386 1178 2428 leviter
1209 2386 1467 2441 adspersae,
1491 2399 1638 2427 ramo-

13 2466 105 2502 sae,
154 2466 246 2493 non
292 2452 364 2493 vel
403 2466 565 2507 parum
598 2458 824 2507 septatae,
858 2458 966 2496 3—5
999 2469 1026 2508 μ
1058 2468 1254 2495 crassae.
1315 2453 1514 2495 Gonidia
1544 2453 1639 2507 glo-

15 2519 141 2569 bosa,
189 2519 328 2561 diam.
364 2524 472 2561 6—9
504 2534 545 2574 μ,
593 2525 794 2562 stratum
839 2527 1089 2575 angustum
1136 2523 1319 2572 (13—32
1351 2535 1379 2574 μ
1414 2523 1637 2572 crassum)

14 2587 279 2629 formantia.
327 2587 495 2629 Cortex
524 2587 711 2629 inferior
737 2589 1027 2638 obscuratus,
1056 2592 1217 2630 13—25
1242 2603 1268 2642 μ
1290 2588 1426 2638 altus,
1451 2588 1637 2642 hyphae

14 2655 282 2696 membrana
304 2654 520 2696 mediocri
543 2656 695 2705 cincti,
715 2656 1086 2698 interluminibus
1103 2657 1361 2710 conspicuis
1379 2661 1635 2710 separatae.

130 2722 388 2777 Apothecia
432 2736 691 2771 numerosa,
737 2723 890 2777 plana,
934 2724 1109 2765 sessilia
1152 2723 1226 2764 vel
1268 2723 1501 2778 adpressa,
1545 2724 1639 2766 late

14 2790 175 2839 affixa,
209 2803 302 2831 non
334 2789 584 2844 perforata,
617 2790 833 2839 rotunda,
857 2790 995 2832 diam.
1023 2795 1169 2840 1—-1,5
1194 2804 1302 2832 mm.
1354 2790 1514 2844 Margo
1536 2804 1638 2845 per-

14 2858 194 2907 sistens,
229 2857 374 2898 thallo
405 2857 631 2906 concolor,
664 2857 841 2911 integer
872 2857 944 2898 vel
972 2871 1109 2911 parce
1131 2857 1410 2898 crenulatus.
1462 2857 1638 2913 Recep-

17 2924 223 2966 taculum
269 2923 567 2978 laevigatum,
615 2923 760 2966 thallo
805 2924 1018 2966 concolor
1060 2924 1132 2966 vel
1164 2925 1210 2965 in
1253 2929 1412 2966 centro
1443 2925 1490 2966 in
1521 2924 1638 2966 lute-
