1882 3190
49 98 228 135 LYNGE,
261 95 703 126 PSEUDOPARMELIA
733 93 846 123 GEN.
879 92 992 122 NOV.
1026 92 1132 121 UND
1164 91 1416 121 PARMELIA
1448 90 1559 120 ACH.
1622 81 1672 119 81

48 198 362 253 irregulariter
391 196 534 244 incisi,
567 195 624 237 ad
659 195 910 249 marginem
941 192 1035 233 fere
1066 205 1159 233 non
1191 191 1538 240 adscendentes,
1562 190 1676 232 ciliis

49 267 179 315 atris,
226 265 449 313 indivisis,
502 267 608 304 1—-2
640 277 746 304 mm.
780 262 940 315 longis,
979 260 1183 314 disperse
1214 260 1445 309 instructi,
1493 258 1678 300 sorediis

48 340 87 377 et
108 333 260 376 isidiis
281 332 513 374 destituti.
547 331 716 373 Cortex
738 329 1004 371 reticulatim
1025 333 1198 381 ruptus,
1223 326 1395 368 thallus
1418 326 1675 381 rugulosus,

48 402 163 445 color
198 400 471 448 flavescens,
510 398 676 440 subtus
713 397 902 446 nitidus,
943 404 980 444 ss
1021 408 1229 449 rugosus,
1269 395 1449 436 ambitu
1488 394 1680 435 obscure

48 474 309 518 castaneus,
357 467 524 517 nudus,
573 471 776 508 ceterum
813 465 956 518 niger,
994 463 1199 517 disperse
1231 468 1278 504 et
1310 463 1515 504 breviter
1546 461 1680 503 rhizi-

49 550 209 585 nosus;
243 535 446 576 rhizinae
479 539 532 576 40
565 548 593 588 μ
625 546 819 574 crassae.

160 603 330 646 Cortex
363 602 570 656 superior
600 600 784 642 decolor
806 598 879 640 vel
900 600 946 640 in
968 597 1272 639 lutescentem
1296 611 1502 651 vergens,
1527 600 1679 645 8-16,

47 672 195 714 rarius
227 684 375 724 usque
407 673 460 711 20
493 683 519 723 μ,
550 668 687 717 altus,
721 681 777 708 ex
809 665 978 721 hyphis
1008 665 1309 714 indistinctis,
1334 664 1470 706 valde
1493 664 1682 718 adsper-

47 740 122 788 sis,
181 736 658 793 perpendicularibus,
716 733 1125 789 leptodermaticis,
1178 732 1388 786 septatis,
1435 731 1678 781 formatus,

47 810 199 847 strato
230 804 444 846 decolore
476 801 700 857 amorpho
732 801 805 843 vel
836 800 940 842 dein
972 799 1480 853 pulveraceo-insperso
1512 802 1678 839 tectus.

48 873 255 916 Medulla
287 873 456 914 intense
487 871 742 925 sulphurea,
780 871 1002 910 120—130
1033 882 1062 922 μ
1092 866 1203 916 alta,
1238 866 1423 920 hyphae
1456 879 1678 915 ramosae,

48 945 275 996 septa'tae,
310 939 445 981 valde
476 939 738 993 adspersae,
772 941 796 978 3
830 951 856 991 μ
887 949 1081 977 crassae.
1144 934 1345 976 Gonidia
1377 934 1422 974 in
1454 938 1556 974 tota
1587 933 1681 974 fere

50 1008 253 1051 medulla
284 1007 475 1049 inclusa.
522 1007 690 1048 Cortex
713 1005 902 1046 inferior
924 1003 1052 1057 niger
1072 1002 1146 1044 vel
1167 1002 1442 1049 fuscescens‚
1467 1005 1633 1043 20—25
1654 1016 1682 1055 μ

50 1077 187 1119 altus.

163 1143 422 1198 Apothecia
453 1156 626 1197 sparsa,
661 1141 865 1183 breviter
895 1138 1186 1195 pedicellata,
1220 1151 1441 1187 concava,
1465 1151 1558 1178 non
1582 1150 1683 1191 per-

51 1213 216 1261 forata,
249 1210 466 1259 rotunda,
490 1210 629 1252 diam.
654 1213 763 1250 5—6
785 1222 891 1249 mm.
936 1207 1094 1261 Margo
1117 1207 1232 1248 bene
1254 1206 1490 1254 incurvus,
1515 1205 1681 1254 tenuis,

49 1279 360 1326 denticulatus,
403 1278 517 1319 ciliis
547 1277 817 1318 destitutus.
878 1274 1243 1329 Receptaculum
1281 1272 1425 1314 thallo
1457 1272 1683 1322 concolor,

49 1347 439 1401 sublaevigatum,
471 1346 764 1400 pruinosum;
797 1348 956 1385 cortex
987 1341 1269 1396 receptaculi
1291 1340 1489 1390 decolor,
1514 1341 1683 1382 circum

51 1419 266 1457 centrum
297 1428 364 1456 ca.
399 1417 466 1460 80,
500 1414 755 1465 marginem
787 1425 949 1453 versus
981 1414 1148 1452 40—-50
1183 1425 1210 1464 μ
1246 1409 1383 1458 altus,
1422 1423 1478 1450 ex
1518 1407 1686 1463 hyphis

50 1481 524 1538 perpendicularibus,
569 1480 706 1522 valde
750 1479 1186 1534 pachydermaticis,
1235 1476 1429 1518 maculis
1471 1475 1588 1517 albis
1619 1477 1685 1516 in-

51 1550 254 1598 structis,
302 1549 547 1590 formatus.
618 1548 738 1589 Tota
795 1547 996 1588 medulla
1052 1546 1238 1601 gonidia
1285 1545 1425 1586 dense
1471 1543 1682 1585 includit.

51 1617 329 1672 Excipulum
374 1617 570 1665 decolor,
620 1619 786 1658 25—-30
819 1630 845 1670 μ,
876 1615 1036 1664 altum,
1071 1614 1157 1655 sub
1189 1618 1291 1655 toto
1322 1612 1606 1667 hypothecio
1637 1616 1683 1653 et

54 1685 110 1727 ad
144 1685 291 1727 latera
323 1685 541 1740 liymenii‚
573 1683 651 1725 ubi
684 1685 730 1725 in
762 1684 980 1724 corticem
1011 1681 1291 1736 receptaculi
1314 1681 1558 1729 transiens,
1582 1693 1688 1721 evo-

53 1753 219 1800 lutum,
267 1767 325 1794 ex
371 1751 540 1807 hyphis
578 1751 715 1793 valde
746 1751 974 1792 intricatis
1005 1750 1273 1792 formatum.
1336 1747 1684 1803 Hypothecium

55 1823 224 1862 25—30
256 1835 284 1875 μ
315 1820 477 1869 altum,
511 1820 744 1860 cinereum
776 1817 850 1859 vel
880 1817 1167 1866 subdecolor,
1201 1831 1258 1858 ex
1290 1815 1460 1870 hypliis
1499 1824 1535 1864 :l:
1568 1814 1687 1856 hori-

55 1887 318 1930 zontalibus
355 1887 622 1928 formatum.
676 1886 840 1927 Discus
873 1885 1051 1935 badius,
1085 1885 1362 1939 subopacUS,
1397 1884 1685 1938 epruinosus

55 1956 340 2010 Hymenium
358 1969 553 2009 superne
570 1953 1032 2002 lutescenti-fuscum,
1044 1958 1249 1995 ceterum
1266 1951 1465 1999 decolor,
1479 1953 1645 1994 70—80
1661 1965 1687 2004 μ

54 2023 216 2073 altum,
265 2027 415 2064 strato
460 2022 685 2077 amorpho
735 2021 959 2070 decolore,
1005 2020 1112 2062 dein
1159 2019 1683 2074 pulveraceo-insperso,

56 2096 248 2133 tectum.
309 2090 601 2144 Paraphyses
647 2089 900 2138 filiformes,
947 2090 1078 2143 apice
1123 2102 1217 2129 non
1255 2089 1550 2135 incrassatae,
1593 2099 1686 2126 non

56 2164 283 2213 septatae.
346 2158 452 2199 Asci
502 2156 910 2211 oblongo-clavati,
962 2156 1231 2197 membrana
1276 2155 1509 2203 mediocri,
1558 2153 1688 2207 apice

56 2227 331 2274 incrassata,
365 2225 519 2274 cincti,
544 2225 793 2279 octospori.
840 2223 1010 2279 Sporae
1034 2223 1127 2265 late
1149 2222 1443 2277 ellipsoideae
1467 2220 1538 2262 vel
1559 2220 1688 2262 faba-

58 2308 179 2343 ceae,
219 2293 385 2335 obtuse
430 2292 727 2341 rotundatae,
761 2291 855 2333 late
890 2291 1126 2341 limbatae,
1169 2294 1334 2332 21—28
1368 2305 1395 2344 μ
1426 2289 1602 2342 longae,
1639 2291 1689 2328 12

59 2365 170 2402 —14
202 2375 231 2415 μ
262 2374 458 2402 crassae.

172 2427 517 2482 Conceptacula
546 2427 990 2482 pycnoconidiorum
1021 2427 1205 2469 desunt.

174 2496 339 2537 React.
399 2495 587 2536 Thallus
620 2494 755 2536 KOH
787 2499 922 2536 extus
962 2500 1009 2536 et
1030 2495 1158 2536 intus
1181 2495 1471 2540 immutatus,
1495 2492 1574 2534 sed
1595 2505 1688 2546 cry-

57 2564 190 2605 stalla
231 2563 463 2612 astroz‘dea,
502 2563 645 2604 radiis
674 2563 894 2615 pennatis,
926 2563 1292 2616 praecipitantur,
1325 2559 1518 2612 CaCI2O2
1550 2564 1685 2601 extus

58 2635 107 2672 et
138 2632 264 2672 intus
295 2631 584 2671 immutatus.

174 2698 399 2740 Brasilz'ae
430 2698 554 2739 civit.
603 2697 754 2738 Matto
785 2697 973 2739 Grossoz
1007 2697 1138 2739 Serra
1169 2696 1229 2737 da
1260 2695 1494 2750 Ohapada,
1520 2695 1685 2736 Buriti.

61 2766 116 2808 In
146 2765 313 2807 silvula
347 2765 611 2819 (capoeira),
646 2765 706 2806 ad
737 2765 960 2806 arborem.
1024 2768 1089 2806 26.
1124 2769 1161 2806 6.
1200 2767 1320 2805 1894.

179 3051 286 3079 Arltlv
313 3052 368 3088 fii»-
393 3050 537 3079 botsmilc.
589 3049 686 3077 Bam]
717 3051 764 3077 13.
817 3049 877 3077 Nm
907 3051 955 3077 1.‘:.
1629 3047 1646 3075 ss
