1882 3190
225 108 273 144 16
502 116 652 144 ARKIV
683 107 776 145 FoR
807 116 1036 145 BOTANIK.
1101 116 1233 145 BAND
1266 105 1328 146 13.
1388 117 1469 146 N:o
1502 106 1563 148 13.

218 216 357 269 rupti,
391 216 749 265 ceraceo-nitidi,
776 216 888 257 ciliis
909 221 955 258 et
977 216 1164 257 sorediis
1185 216 1414 266 destituti,
1438 217 1590 259 isidiis
1610 218 1837 267 tubulosis,

218 284 326 322 1-—2
356 297 459 323 mm.
502 283 657 336 lonyis,
691 284 816 336 vulqo
846 284 1069 332 indivisis,
1102 284 1232 325 dense
1263 285 1418 325 vestiti.
1480 284 1668 326 Thallus
1699 285 1840 327 flave-

216 364 360 399 scenS,
394 350 607 403 partibus
639 351 974 392 vetustioribus
1006 350 1256 400 obscurior,
1285 351 1449 392 subtus
1476 352 1748 402 fuscescenS,
1781 353 1841 394 ad

216 417 444 458 ambitum
476 418 522 458 in
554 418 856 460 virescentem
887 431 1093 471 vergens,
1127 431 1273 471 usque
1305 418 1364 459 ad
1395 419 1623 460 ambitum
1654 419 1842 461 rhizinis

216 484 535 526 concoloribus
586 485 789 539 disperse
840 486 1061 533 munima
1119 485 1401 538 cyphellatus,
1454 487 1841 541 pseudocyphellae

215 552 509 604 flavescentes,
563 553 774 595 rotundae
826 553 981 602 (diam.
1035 555 1102 601 O‚5
1150 554 1279 605 mm.)
1324 553 1389 594 vel
1431 553 1536 595 dein
1581 554 1840 607 irrequlares

218 621 384 673 (usque
422 627 570 669 l,5—2
602 634 708 662 mm.
742 621 897 670 latae).

330 687 496 729 Cortex
518 689 726 742 superior
743 688 937 735 decolor,
962 690 1236 729 10—15——25
1257 702 1282 741 μ
1299 687 1435 738 altus,
1455 693 1604 730 strato
1620 689 1842 744 amorpho

217 755 440 805 decolore,
475 757 745 797 tenuissimo
777 760 942 797 tectus.
990 754 1190 809 Hyphae
1217 756 1399 797 corticis
1420 756 1839 810 perpendiculares,

217 827 444 876 septatae‚
494 827 603 866 7—8
649 839 676 877 μ
719 837 898 864 crassae
935 822 1116 872 (addito
1147 822 1346 876 hydrate
1376 822 1559 874 kalico),
1592 823 1841 865 luminibus

218 890 446 942 (maculis)
477 890 709 932 distinctis
741 895 995 945 separatae.
1043 890 1247 931 Medulla
1277 889 1410 942 flava,
1438 894 1658 932 130—230
1682 906 1707 946 μ.
1730 891 1840 940 alta,

218 957 402 1012 hyphae
448 958 584 999 valde
628 958 887 1011 adspersae,
932 957 1071 998 dense
1105 962 1366 1007 contextae,
1400 961 1552 1008 2,5—3
1588 973 1613 1012 μ
1645 972 1840 1000 crassae.

216 1025 384 1066 Cortex
429 1025 615 1067 inferior
659 1025 843 1066 decolor
889 1024 962 1066 vel
1004 1024 1173 1074 fuscus,
1213 1029 1375 1066 15—18
1415 1039 1440 1079 μ.
1471 1025 1608 1075 altus,
1653 1025 1839 1080 hyphae

217 1088 467 1134 luminibus
499 1093 731 1134 distinctis
762 1097 1015 1146 separatae.

331 1159 588 1214 Apothecia
619 1174 874 1208 numerosa,
909 1173 1075 1213 parva:
1109 1160 1245 1201 diam.
1283 1164 1434 1209 l,5——-2
1463 1174 1589 1210 mm.,
1621 1160 1839 1209 rotunda,

217 1241 435 1278 concava,
480 1242 569 1269 non
611 1228 858 1282 perforata,
893 1227 1080 1276 sessilia,
1113 1231 1308 1281 anguste
1339 1227 1498 1269 affixa.
1559 1227 1717 1282 Margo
1749 1242 1843 1269 cre-

217 1295 419 1345 nulatus,
453 1295 795 1350 receptaculum
828 1308 1058 1348 rugosum,
1092 1294 1237 1336 thallo
1268 1295 1482 1336 concolor
1512 1295 1585 1337 vel
1615 1296 1842 1336 intensius

217 1363 412 1414 luteum;
447 1368 605 1405 cortex
624 1363 902 1417 receptaculi
924 1362 1059 1404 valde
1082 1362 1355 1416 irregularis,
1380 1366 1588 1413 20—100,
1614 1363 1751 1417 vulgo
1772 1377 1839 1404 ca.

218 1435 271 1472 50
304 1446 329 1485 μ.
360 1431 497 1480 altus,
531 1431 727 1480 decolor,
762 1430 951 1479 nitidus,
985 1429 1171 1484 hyphae
1207 1431 1391 1472 corticis
1424 1430 1840 1485 perpendiculares,

219 1497 667 1552 pachydermaticae,
715 1502 940 1552 septatae.
1003 1497 1201 1539 Gonidia
1245 1498 1331 1539 sub
1373 1498 1585 1552 excipulo
1616 1498 1662 1539 in
1693 1502 1842 1539 strato

216 1566 439 1607 continuo
470 1565 711 1619 disposita,
746 1566 927 1619 parcius
958 1566 1005 1606 in
1036 1565 1249 1614 medulla,
1279 1566 1524 1620 praecipue
1545 1567 1666 1607 inter
1686 1570 1842 1620 partes

216 1633 542 1687 peripheriales
573 1634 755 1674 corticis
786 1632 1064 1687 receptaculi
1096 1633 1396 1674 continentia.
1458 1632 1736 1687 Excipulum
1767 1632 1842 1674 de-

216 1700 353 1750 color,
396 1705 449 1742 40
479 1715 504 1754 μ
535 1701 695 1750 altum,
729 1701 815 1742 sub
848 1704 950 1742 toto
982 1700 1260 1755 hypothecio
1291 1705 1338 1742 et
1368 1700 1428 1742 ad
1458 1701 1606 1742 latera
1638 1700 1842 1754 hymenii

218 1768 472 1818 evolutum,
521 1768 800 1822 hypothecio
846 1771 919 1819 (40
963 1783 989 1822 μ
1031 1768 1146 1819 alto)
1178 1772 1251 1809 sat
1281 1768 1440 1810 simile.
1501 1767 1665 1810 Discus
1696 1768 1842 1809 dilute

219 1836 619 1885 flavofusoescens,
662 1851 847 1891 opacus,
887 1851 980 1878 non
1010 1838 1267 1891 pruinosus.
1329 1836 1612 1891 Hymenium
1642 1835 1839 1885 decolor,

219 1905 264 1944 in
310 1909 444 1958 parte
491 1904 702 1946 inferiore
747 1906 1016 1958 inspersum,
1062 1907 1228 1946 55—82
1260 1919 1287 1958 μ
1328 1904 1488 1945 altum.
1549 1903 1840 1958 Paraphyses

218 1971 468 2025 gelatinam
514 1972 698 2012 firmam
742 1976 1075 2025 percurrentes,
1123 1976 1299 2021 tenues,
1345 1971 1404 2012 ad
1440 1971 1618 2025 apicem
1649 1984 1742 2012 non
1773 1971 1839 2012 in-

218 2044 462 2088 crassatae,
510 2039 736 2080 indivisae
781 2039 853 2080 vel
898 2039 1122 2088 furcatae,
1166 2039 1343 2093 apicem
1381 2052 1540 2080 versus
1570 2038 1840 2079 indistincte

217 2110 441 2160 septatae.
484 2107 591 2148 Asci
614 2111 807 2160 anguste
829 2107 1014 2156 clavati,
1039 2106 1307 2148 membrana
1327 2105 1557 2155 mediocri,
1581 2105 1641 2146 ad
1661 2106 1838 2159 apicem

217 2175 471 2215 incrassata
502 2175 656 2222 cincti,
680 2175 924 2228 octospori,
949 2178 1115 2215 42—45
1138 2188 1166 2228 μ
1188 2173 1324 2228 longi,
1352 2177 1402 2215 13
1426 2188 1451 2227 μ
1473 2174 1627 2215 crassi.
1668 2172 1839 2227 Sporae

217 2242 315 2282 uni-
359 2241 431 2283 vel
477 2241 768 2282 bi-serialiter
805 2241 1071 2296 dispositae,
1104 2241 1197 2283 late
1229 2241 1383 2282 ovales
1414 2240 1487 2282 vel
1518 2240 1836 2295 subglobosae,

216 2314 411 2362 anguste
441 2309 662 2350 limbatae
694 2309 734 2359 (1
771 2310 830 2362 μ),
865 2312 1014 2359 7-8,5
1051 2324 1078 2363 μ,
1108 2309 1286 2363 longae,
1319 2313 1468 2359 6—6,5
1505 2323 1532 2362 μ
1564 2322 1756 2349 crassae.

329 2376 668 2431 Conceptacula
713 2376 881 2417 fertilia
926 2376 1367 2431 pycnoconidiorum
1406 2376 1579 2417 frustra
1610 2376 1834 2429 quaesita.

329 2444 492 2485 React.
557 2443 745 2485 Thallus
783 2443 917 2485 KOH
956 2449 1090 2486 extus
1122 2458 1215 2485 non
1246 2444 1443 2498 tingitur
1474 2443 1546 2484 vel
1578 2442 1724 2485 dilute
1754 2443 1859 2484 fla-'

216 2526 419 2561 vescens,
452 2513 579 2553 intus
610 2526 632 2552 e
663 2511 788 2552 flavo
819 2511 1120 2565 ferrugineus.
1186 2511 1384 2552 Medulla
1417 2509 1620 2563 CaCl2O2
1656 2511 1835 2552 citrina.

215 2578 402 2620 Thallus
420 2578 555 2620 KOH
569 2578 818 2631 ÷CaCl2O2
842 2584 975 2621 extus
993 2584 1040 2620 et
1057 2580 1183 2620 intus
1204 2579 1516 2620 aurantiacus.
1551 2577 1834 2632 Hymenium

215 2646 325 2700 jodo
356 2648 656 2701 persistenter
687 2646 1011 2696 caerulescens,
1042 2647 1289 2701 praecipue
1320 2647 1428 2688 asci.

329 2715 552 2756 Brasiliae
597 2715 723 2755 civit.
767 2713 917 2755 Matto
949 2714 1137 2756 Grosso:
1171 2714 1315 2756 Santa
1345 2713 1480 2755 Anna
1510 2713 1569 2755 da
1600 2712 1833 2767 Chapada.

217 2781 271 2824 In
303 2782 419 2823 silva
450 2783 600 2823 minus
630 2782 786 2831 densa,
820 2781 877 2822 ad
910 2783 1140 2824 corticem.
1206 2786 1268 2824 10.
1303 2785 1342 2823 3.
1380 2784 1500 2831 1894,
1532 2781 1617 2823 No.
1642 2783 1751 2822 2532
1779 2780 1832 2821 Β.

330 2849 454 2890 Icon.
488 2849 600 2891 Tab.
635 2854 672 2899 4,
708 2849 782 2902 fig.
818 2854 939 2890 4—5.
