1882 3190
76 78 255 115 LYNGE,
289 76 730 106 PSEUDOPARMELIA
760 76 872 105 GEN.
906 76 1018 105 Nov.
1053 76 1156 104 UND
1190 76 1436 104 PARMELIA
1469 76 1577 105 ACH.
1641 68 1692 104 83

76 179 226 231 script.
260 178 397 219 Μάνη.
435 177 561 218 Herb.
594 178 741 218 Boiss.
774 176 865 217 vol.
899 181 938 224 5,
977 179 1096 224 1900,
1131 190 1172 229 p.
1209 180 1247 216 3.
1294 176 1698 217 ZAHLBRUCKNER

75 246 287 288 Lichenes
331 246 378 285 in
423 245 683 298 Eryebm'sse
728 245 803 286 der
837 244 978 285 botan.
1012 244 1125 296 Exp.
1249 244 1361 285 uach
1391 244 1698 286 Sicdbrasz'lien

81 315 195 356 1901.
256 312 594 365 Denlcschristen
624 313 699 354 der
729 312 787 353 K.
820 311 965 353 Alcad.
997 311 1072 352 cler
1109 311 1491 363 Wisse'nsckasten.
1552 311 1697 353 Math.

76 385 274 425 naturw.
307 379 382 420 Kl.
417 380 507 421 vol.
541 379 811 421 LXXXIII.
873 378 1000 420 Wien
1040 382 1159 428 1909,
1194 393 1237 432 p.
1274 382 1324 421 76
1358 381 1492 430 (162).

186 447 373 488 Thallus
404 447 508 488 laxe
538 447 798 501 adpressus,
832 446 1159 494 molliusculus,
1194 450 1301 488 6—7
1325 460 1409 487 cm.
1434 447 1570 492 latus,
1594 446 1700 487 laci-

76 516 243 564 niatus,
294 514 389 555 lobi
445 515 650 569 margine
707 513 933 562 undulati,
988 513 1190 554 breviter
1238 514 1576 555 sinuato-incisi
1629 513 1698 554 vel

76 583 266 631 crenati,
313 583 443 636 apice
494 582 735 623 rotundati
786 581 858 622 vel
908 594 1043 634 saepe
1089 580 1398 630 subtruncati,
1447 582 1538 622 lobi
1584 595 1700 622 mar-

74 650 260 705 ginibus
305 649 693 691 adscendentibus
738 649 981 690 imbricati.
1042 648 1229 688 Thallus
1276 661 1367 689 non
1413 649 1608 697 ciliatus,
1655 650 1701 689 in

75 717 334 772 peripheria
376 717 566 758 sorediis
609 725 656 758 et
694 716 836 757 isidiis
867 716 1136 764 destitutus,
1160 715 1253 756 lobi
1284 716 1329 755 in
1361 722 1493 769 parte
1525 723 1701 757 centra-

75 785 103 827 li
138 786 185 826 in
223 784 393 825 lamina
434 785 701 826 brevissime
738 789 785 826 et
830 784 1032 837 disperse
1074 783 1289 837 pa-pillosi
1335 788 1382 824 et
1428 784 1475 824 in
1506 785 1702 836 maryine

75 852 550 906 capitato-sorediijeri.
612 852 800 893 Thallus
837 850 1268 892 albido-flavescens
1300 851 1372 891 vel
1404 851 1700 892 flavidocinc-

75 934 273 968 rascens,
307 920 589 973 subopacus3
623 924 779 961 cortex
810 921 1057 960 continuus
1089 918 1162 959 vel
1193 918 1300 958 dein
1331 918 1565 959 subtiliter
1596 933 1701 973 rup-

75 992 170 1037 tus;
216 987 379 1028 subtus
417 987 477 1028 ad
513 987 741 1028 ambitum
783 991 1040 1034 castaneus,
1074 985 1264 1035 nitidus,
1299 986 1464 1034 nudus,
1499 992 1702 1027 ceterum

76 1056 215 1109 niger,
250 1055 452 1096 breviter
483 1059 529 1096 et
560 1054 764 1109 disperse
795 1054 1061 1095 rhizinosus.

187 1122 358 1165 Cortex
410 1123 617 1176 superior
662 1125 828 1163 20—25
877 1136 902 1176 μ
947 1121 1083 1170 altus,
1131 1121 1466 1176 impellucidus,
1514 1121 1700 1175 hyphae

76 1191 258 1232 corticis
303 1191 348 1231 in
394 1203 517 1244 aqua
560 1190 872 1239 indistinctae,
920 1190 968 1230 in
1014 1188 1211 1243 hydrate
1250 1189 1399 1230 kalico
1430 1189 1700 1231 distinctae:

74 1258 494 1313 perpendiculareS‚
518 1262 743 1313 septat-ac,
770 1257 1193 1311 leptodermaticae.
1217 1257 1420 1299 Medulla
1437 1261 1660 1299 200—220
1676 1274 1703 1311 μ

75 1325 186 1375 alta,
220 1325 340 1374 alba,
375 1325 561 1379 hyphae
597 1325 871 1366 medullares
908 1339 1128 1374 ramosae,
1171 1330 1397 1379 septatae,
1431 1325 1594 1366 leviter
1624 1325 1701 1366 ad-

76 1406 273 1448 spersae,
308 1397 417 1433 4—5
449 1408 477 1447 μ
508 1407 701 1434 crassae.
747 1393 916 1434 Cortex
947 1393 1133 1434 inferior
1155 1396 1322 1434 ,ΞΟ-40
1345 1407 1373 1447 μ
1394 1392 1530 1441 altus,
1554 1393 1702 1435 fusco-

77 1461 348 1515 nigrescens,
382 1474 437 1501 ex
469 1460 635 1514 hyphis
667 1461 877 1514 septatis,
910 1460 1328 1515 pachydermaticis
1359 1460 1600 1502 formatus.

190 1527 451 1582 Apothecia
482 1534 530 1569 et
561 1528 785 1582 pycnides
816 1528 999 1570 desunt.

184 1595 347 1636 React.
409 1594 596 1636 Thallus
629 1594 764 1636 KOH
795 1599 929 1636 extus
959 1599 1006 1636 et
1037 1596 1163 1636 intus
1196 1595 1467 1646 flavescens,
1502 1595 1608 1636 dein
1645 1620 1697 1624 ——

76 1662 323 1715 interjecto
354 1667 577 1716 tempore,
611 1662 840 1703 solutione
872 1663 1105 1704 exsiccata
1137 1687 1190 1692 --
1219 1662 1479 1712 rubescens,
1510 1663 1701 1715 CaCl2O2

77 1743 171 1771 non
204 1730 426 1771 afficitur.

188 1798 414 1840 Brasilz'ae
444 1798 573 1839 civit.
606 1797 758 1839 Matto
789 1798 980 1839 Grosso:
1014 1797 1158 1840 Santo
1191 1799 1397 1840 Antonio
1430 1798 1701 1850 (Morrinho)

77 1879 144 1920 pr.
178 1865 384 1920 Cuyaba.
447 1868 515 1907 25.
549 1870 587 1906 4.
626 1869 746 1906 1894.

513 2094 579 2132 33.
642 2090 890 2132 Pal-melia
920 2102 1098 2143 magua
1128 2105 1174 2133 n.
1208 2103 1275 2145 sp.

188 2202 378 2244 Thallus
408 2203 492 2244 late
522 2216 744 2256 empansus
775 2204 847 2253 (12
879 2217 963 2244 cm.
997 2203 1070 2245 vel
1103 2204 1257 2256 ultra),
1291 2204 1478 2258 fragilis,
1502 2204 1604 2245 laxe
1626 2204 1704 2245 ad-

76 2284 274 2325 pressus,
300 2270 504 2311 breviter
534 2270 733 2320 lobatus,
758 2270 845 2312 lobi
874 2271 955 2312 lati
976 2274 1162 2325 (lo—15
1185 2273 1327 2324 mm.)‚
1351 2272 1704 2313 sinuato-lobati

78 2339 188 2391 (non
210 2337 472 2392 profunde),
496 2337 750 2387 rotundam,
775 2338 937 2392 integri
961 2339 1035 2380 vel
1055 2339 1220 2381 leviter
1241 2340 1482 2388 crenulati,
1501 2340 1705 2394 disperse

77 2410 125 2447 et
156 2404 360 2447 breviter
390 2405 534 2446 ciliati
568 2405 686 2458 (cilia
717 2409 868 2455 O,5—l
903 2420 1010 2448 mm.
1043 2407 1213 2461 longa),
1237 2407 1482 2456 imbricconi,
1507 2407 1562 2448 ad
1588 2421 1705 2448 mar-

76 2473 230 2528 ginem
272 2473 622 2516 adscendentes.
683 2473 871 2515 Thallus
906 2474 1178 2529 laevigatus,
1212 2475 1404 2525 nitidus,
1437 2475 1628 2516 sorediis
1658 2479 1706 2516 et

77 2540 221 2582 isidiis
264 2540 539 2590 destitutus3
586 2545 745 2582 cortex
787 2542 1054 2593 continuus3
1100 2542 1224 2583 color
1254 2542 1568 2591 ochroleucus,
1602 2556 1706 2596 par-

79 2612 149 2650 tes
186 2608 466 2651 vetustiores
502 2608 804 2659 obscuriores,
837 2609 1004 2652 subtus
1035 2610 1215 2652 ambitu
1247 2614 1506 2659 castaneus,
1540 2609 1705 2659 nudus,

80 2680 285 2717 ceterum
316 2676 456 2730 niger,
489 2675 693 2730 disperse
723 2675 797 2717 vel
827 2677 920 2718 suis
950 2677 1060 2719 locis
1091 2677 1231 2719 dense
1261 2677 1531 2718 rhizinosus.

194 2743 364 2785 Cortex
395 2743 603 2797 superior
639 2747 688 2784 10
711 2757 736 2797 μ
757 2743 894 2793 altus,
918 2744 1117 2794 decolor,
1141 2749 1291 2786 strato
1313 2744 1551 2798 amorph0‚
1576 2745 1705 2786 tenui

80 2812 211 2863 (2—3
244 2816 289 2866 μ)
322 2815 488 2860 tectus,
534 2810 718 2865 hyphae
755 2811 937 2852 corticis
967 2812 1228 2866 adspersae,
1262 2812 1572 2861 indistinctae,
1605 2825 1706 2866 per-

83 2878 413 2933 pendiculares,
447 2877 717 2920 membrana
746 2878 966 2921 mediocri
997 2879 1070 2920 vel
1102 2880 1230 2921 tenui
1262 2880 1454 2928 cinctae,
1479 2884 1704 2934 septatae.
