1882 3190
189 110 241 147 68
460 116 613 144 ARKIV
644 106 737 145 Fon
769 115 996 145 BOTANIK.
1060 116 1192 144 BAND
1225 103 1287 145 13.
1350 116 1432 145 N:o
1463 103 1523 145 13.

183 220 342 271 spater
382 218 454 257 ein
487 215 632 257 Stiick
662 231 746 258 aus
776 216 880 257 dem
911 216 1093 257 Herbar
1123 215 1167 257 N
1172 227 1404 256 YLANDER
1435 229 1539 257 zum
1570 215 1807 270 Vergleich

182 284 471 326 bekommen.
524 284 586 325 Es
618 299 710 325 war
739 289 893 326 zuerst
914 284 980 325 als
1001 284 1229 326 Parmelia
1249 283 1471 324 latissima
1492 283 1628 333 DEL„
1651 285 1810 325 womit

181 366 230 393 es
275 352 484 393 habituel
529 352 915 402 iibereinstimmt,
964 351 1232 393 bezeichnet
1277 350 1483 401 worden3
1530 353 1689 405 spater
1728 351 1811 393 hat

182 419 463 461 NYLANDER
492 420 566 461 die
597 420 919 474 Bestimmung
949 419 1185 473 geandert.
1240 418 1302 459 Es
1334 417 1416 460 hat
1447 418 1595 460 breite
1627 419 1810 469 (lo—13

183 487 327 538 mm.),
371 487 700 541 abgerundete,
740 488 869 529 nicht
905 486 1126 542 gekerbte
1155 486 1360 540 Lappen,
1383 486 1457 527 die
1478 486 1628 527 weder
1648 500 1810 541 gerun-

182 555 272 595 zelt
319 555 582 608 (crenulati)
628 556 747 597 noch
785 555 1000 609 hockerig
1034 554 1242 606 (saccati)
1274 553 1392 595 sind.
1454 553 1539 595 Die
1568 553 1720 596 Farbe
1750 555 1811 596 ist

181 621 391 675 gelblich.
454 622 539 664 Die
585 623 758 678 Sporen
805 623 986 664 werden
1027 623 1090 674 (in
1122 620 1269 672 herb.)
1303 622 1388 662 mit
1420 625 1581 666 25><11
1616 637 1644 676 μ
1675 635 1813 676 ange-

181 689 326 743 geben
374 690 470 731 und
514 691 588 732 die
636 691 868 732 Reaktion
914 689 1115 731 medulla
1159 688 1573 742 ΚΟΗ-ὶ-ΟειΟΙῖΟ2
1622 689 1811 730 »leviter

183 757 387 812 erythr.»
433 758 519 799 Die.
550 758 937 813 Pyknokonidien
970 758 1049 798 des
1079 756 1517 798 NYLANDER’schen
1538 756 1811 811 Exemplars

181 823 299 866 habe
343 824 416 866 ich
463 827 741 868 untersucht
783 826 878 867 und
922 829 1072 867 »recta
1104 823 1177 865 vel
1208 824 1439 874 subrecta,
1471 824 1807 879 lageniformia,

181 895 336 941 5,5—7
371 908 397 946 μ
427 893 587 948 longa»
621 893 866 947 gesunden.

616 1121 681 1159 22.
744 1118 990 1160 Parmclia
1021 1114 1190 1170 Langii
1225 1130 1269 1158 n.
1303 1130 1370 1171 sp.

294 1225 481 1272 Thallus
526 1234 634 1274 7-8
667 1245 751 1272 cm.
785 1231 919 1279 latus,
953 1224 1066 1271 laxe‘
1088 1229 1350 1284 adpressus,
1383 1229 1571 1284 rigidus,
1604 1229 1699 1271 lobi
1728 1230 1812 1271 im-

181 1299 362 1348 bricati,
411 1299 588 1348 breves
636 1302 745 1342 4-—7
793 1312 899 1339 mm.
946 1298 1044 1347 lati,
1088 1297 1147 1339 ad
1184 1298 1365 1350 apicem
1394 1296 1717 1347 horizontales,
1750 1297 1810 1339 ad

180 1368 431 1421 marginem
449 1366 799 1416 adscendentes,
818 1366 1063 1415 imbricati,
1084 1365 1312 1414 undulati,
1328 1365 1585 1414 rotundati,
1604 1367 1811 1407 sinuato-

180 1435 371 1484 ‹xx-enati,
415 1435 553 1476 crebre
597 1435 753 1483 cilz'ati,
788 1434 891 1475 cilia
926 1438 1073 1483 1—1,5
1108 1446 1215 1474 mm.
1248 1433 1398 1487 longa,
1432 1433 1576 1488 nigra,
1609 1433 1812 1475 indivisa

179 1502 253 1543 Vel
285 1502 481 1544 furcata.
542 1502 731 1543 Thallus
766 1502 909 1543 isidiis
941 1506 987 1543 et
1019 1501 1209 1542 sorediis
1240 1501 1512 1550 destitutus,
1546 1501 1808 1551 continuus,

180 1570 327 1611 rarius
370 1569 682 1624 irregulariter
723 1575 903 1624 ruptus,
945 1569 1205 1623 laevigatus
1238 1569 1309 1610 vel
1340 1569 1519 1610 minute
1550 1568 1808 1623 rugulosus,

179 1637 458 1688 subnitidus,
501 1637 892 1691 cinereo-glaucus
930 1637 1003 1678 vel
1035 1638 1081 1678 in
1112 1636 1386 1678 ochraceum
1417 1651 1624 1691 vergens,
1656 1637 1809 1679 subtus

178 1706 237 1748 ad
266 1707 481 1748 ambitum
511 1720 684 1748 croceus
713 1706 776 1747 vel
800 1707 1268 1754 awannam-croceus,
1292 1710 1489 1759 anguste
1510 1705 1806 1755 erhizinosus,

179 1779 383 1816 ceterum
429 1776 571 1828 niger,
618 1774 876 1827 rugulosus,
924 1774 1109 1815 rhizinis
1154 1774 1300 1828 longis
1342 1773 1386 1827 (2
1416 1787 1540 1823 mm.‚
1585 1773 1645 1815 ad
1676 1773 1808 1815 basin

178 1845 233 1883 90
265 1857 292 1896 μ
323 1843 505 1894 crassis)
539 1843 797 1884 instructus
828 1842 897 1883 vel
929 1854 1015 1895 pro
1046 1847 1179 1896 parte
1209 1842 1376 1883 nudus.

293 1910 461 1952 Cortex
494 1911 702 1965 superior
732 1910 1134 1960 flavofuscescens,
1183 1914 1347 1952 13—18
1383 1909 1457 1952 vel
1488 1909 1700 1964 partibus
1731 1924 1808 1951 ve-

178 1978 455 2020 tustioribus
486 1992 633 2032 usque
667 1981 718 2019 25
754 1992 778 2031 μ
810 1978 946 2028 altus,
981 1977 1167 2033 hyphae
1196 1977 1510 2028 indistinctae,
1544 1978 1805 2032 adspersae,

179 2046 632 2100 pachydermaticae,
656 2050 880 2100 septatae,
905 2060 1125 2095 ramosae,
1150 2047 1195 2087 in
1216 2050 1351 2100 parte
1372 2046 1604 2100 superiore
1625 2046 1808 2087 corticis

178 2119 306 2155 arcte
352 2115 610 2167 contiguae.
688 2113 888 2156 Medulla
933 2113 1053 2163 alba,
1106 2118 1340 2164 100—-185,
1388 2118 1601 2155 centrum
1646 2127 1808 2156 versus

178 2194 325 2235 usque
357 2185 438 2222 240
462 2196 488 2235 μ
519 2181 629 2230 alta,
663 2180 848 2235 hyphae
871 2185 980 2222 3-4
1004 2197 1029 2236 μ
1052 2196 1246 2231 crassae,
1273 2189 1310 2229 ὲ
1335 2181 1595 2235 adspersae.
1637 2180 1806 2222 Cortex

177 2248 365 2290 inferior
394 2249 455 2290 ad
486 2248 712 2290 ambitum
750 2253 911 2290 16—18
937 2264 961 2302 μ.
993 2249 1130 2298 altus,
1159 2248 1446 2298 subdecolor,
1470 2253 1674 2290 ceterum
1700 2253 1806 2290 18—

179 2320 231 2357 25
273 2331 300 2371 μ
341 2317 477 2367 altus,
521 2318 662 2371 niger,
696 2316 880 2371 hyphae
910 2317 1360 2372 pachydermaticae,
1392 2317 1567 2358 lumina
1598 2317 1807 2358 intercel-

178 2383 342 2425 lularia
374 2399 534 2439 parva.

294 2452 550 2506 Apothecia
593 2466 758 2506 parum
800 2452 1002 2502 evoluta,
1044 2453 1261 2503 rotunda,
1294 2453 1499 2495 breviter
1528 2452 1806 2507 pedicellata

179 2520 252 2560 vel
275 2520 450 2561 sessilia
471 2525 518 2561 et
540 2524 737 2574 anguste
758 2520 917 2568 affixa,
937 2521 1251 2574 imperforata,
1272 2520 1611 2573 cupuliformia.
1648 2521 1806 2575 Margo

179 2588 344 2637 tenuis,
398 2589 588 2642 integer,
635 2587 775 2629 dense
825 2587 1021 2637 ciliatus,
1070 2588 1173 2630 cilia
1219 2588 1368 2643 longa,
1416 2589 1560 2642 nigra,
1607 2587 1804 2630 furcata.

179 2653 545 2709 Receptaculum
592 2669 823 2709 rugosum,
872 2661 1031 2696 cortex
1075 2655 1355 2710 receptaculi
1400 2659 1566 2697 35—40
1606 2670 1634 2709 μ
1665 2655 1803 2705 altus,

178 2720 366 2776 hyphae
411 2724 591 2766 corticis
636 2722 948 2771 indistinctae,
993 2728 1118 2764 arcte
1162 2724 1421 2777 contiguae.
1484 2723 1682 2765 Gonidia
1718 2723 1805 2764 sub

178 2790 393 2843 excipulo
438 2795 485 2831 et
533 2790 653 2831 infra
699 2790 915 2831 corticem
949 2791 992 2830 in
1027 2794 1176 2831 strato
1208 2791 1431 2832 continuo
1462 2789 1653 2832 inclusa.
1715 2790 1804 2832 Ex-

180 2856 385 2910 cipulum
428 2857 544 2899 bene
586 2857 842 2906 evolutum,
888 2860 1053 2898 20—25
1100 2871 1128 2910 μ
1173 2858 1333 2907 altum,
1382 2858 1468 2899 sub
1514 2862 1616 2899 toto
1658 2857 1804 2912 hypo-

180 2923 330 2965 thecio
376 2929 423 2965 et
468 2925 528 2966 ad
572 2924 719 2966 latera
762 2924 963 2979 hymenii
1005 2924 1257 2967 evolutum.
1320 2925 1668 2979 Hypothecium
1697 2926 1806 2967 sub·
