1882 3190
56 162 234 198 LYNGE,
268 161 707 191 PSEUDOPARMELIA
738 160 850 190 GEN.
882 159 996 189 NOV.
1030 159 1133 188 UND
1164 160 1410 188 PARMELIA
1442 159 1551 188 ACII.
1623 153 1675 187 59

169 261 328 303 React.
368 260 556 302 Thallus
594 260 728 301 KOH
761 264 899 301 extus
929 259 1198 308 flavescens,
1232 261 1356 300 intus
1390 261 1675 301 immutatus.

55 328 258 381 CaCl2O2
302 334 349 370 et
391 327 788 380 KOH÷Ca01202
819 332 954 368 extus
986 331 1032 368 et
1064 328 1189 368 intus
1223 328 1509 368 immutatus.
1571 326 1674 367 Asci

55 396 86 438 J
116 397 412 450 persistenter
443 396 869 443 caerulecescentes‚
903 394 1187 448 paraphyses
1212 393 1242 434 J
1265 394 1357 435 fere
1380 394 1675 435 incoloratae.

168 464 430 516 Paraquay:
462 463 724 516 Paraguari,
758 461 816 503 ad
848 466 1065 502 truncum
1097 462 1286 503 Acaciae
1318 476 1400 515 sp„
1429 463 1474 502 in
1498 474 1674 515 campo.

0 518 1 537 ³
58 534 94 573 7.
131 534 168 571 8.
207 534 326 579 1893,
360 544 432 571 no.
471 534 576 571 1525
609 530 661 571 Β.

475 703 537 740 18.
600 699 844 742 Parmelia
877 697 1088 751 capitata
1121 711 1163 738 n.
1197 711 1265 751 sp.

169 799 357 840 Thallus
389 804 498 841 4-5
530 814 614 841 cm.
648 800 784 848 latus,
818 798 1005 852 fragilis,
1040 798 1205 846 tenuis,
1240 797 1438 845 loba-tuS,
1466 798 1556 839 lobi
1584 798 1678 839 brc-

58 880 150 915 ves,
197 868 398 920 angusti,
446 871 583 909 6-10
628 880 735 908 mm.
780 866 878 915 lati,
920 866 1045 906 varie
1076 866 1220 913 incisi,
1254 864 1397 906 lobuli
1430 870 1538 906 3—4
1570 880 1677 906 mm.

56 934 154 983 lati,
198 934 372 975 sinibus
412 935 620 988 angustis
652 934 867 988 separati,
902 932 1157 981 rotundati,
1191 932 1304 973 ciliis
1335 932 1564 981 destituti,
1599 947 1681 974 un-

56 1001 219 1050 dulati,
260 1003 489 1055 margines
525 1001 873 1049 adscendentes,
907 1000 1095 1041 dissecti
1126 1004 1171 1041 et
1203 1000 1678 1053 capitato-soredz'iseri‚

55 1069 235 1110 soredia
282 1069 426 1110 tliallo
472 1069 743 1118 concoloria,
790 1068 896 1109 dein
942 1067 1243 1109 confluentia.
1303 1068 1493 1109 Thallus
1538 1068 1681 1108 isidiis

56 1136 326 1186 destitutus,
360 1138 607 1178 continuus
639 1136 711 1177 vel
743 1150 906 1190 parum
928 1140 974 1176 et
996 1135 1308 1189 irregulariter
1328 1140 1508 1189 ruptus,
1532 1135 1678 1184 albus,

57 1203 222 1245 subtus
240 1218 443 1258 rugosus,
462 1205 521 1245 ad
538 1205 789 1258 marginem
809 1204 850 1254 (3
869 1206 996 1255 mm.)
1015 1208 1272 1252 castaneus,
1293 1203 1458 1248 nudus,
1479 1209 1680 1244 cet-erum

56 1272 198 1325 niger,
231 1271 435 1325 disperse
466 1272 733 1320 rhizinosus,
767 1270 968 1311 rhizinae
1001 1270 1310 1324 fusco-nigrae
1340 1270 1412 1311 vel
1433 1270 1679 1311 decolores.

169 1338 336 1379 Cortex
381 1339 589 1393 superior
632 1342 794 1380 10—16
828 1353 853 1392 μ.
885 1337 1021 1386 altus,
1056 1337 1241 1392 hyphae
1271 1337 1532 1391 adspersae,
1566 1337 1681 1378 indi-

54 1405 267 1454 stinctae,
314 1411 440 1447 arcte
485 1406 744 1460 contiguae,
792 1405 1210 1460 perpendiculares,
1258 1409 1484 1458 septatae,
1515 1409 1624 1446 5—-6
1656 1421 1680 1458 μ.

56 1487 251 1514 crassae.
283 1473 483 1514 Medulla
516 1474 634 1523 alba,
672 1477 891 1515 llo—160
914 1487 941 1527 μ
963 1473 1072 1522 alta,
1097 1472 1282 1527 hyphae
1304 1487 1396 1513 non
1419 1473 1679 1527 adspersae,

57 1544 210 1590 2‚5—4
241 1556 269 1594 μ
300 1555 493 1582 crassae.
555 1541 723 1583 Cortex
754 1542 941 1582 inferior
971 1541 1127 1582 fuscus
1159 1540 1233 1582 vel
1256 1541 1548 1595 fusco-niger,
1578 1544 1626 1581 16
1654 1555 1681 1594 μ

56 1609 194 1650 altus.

170 1676 427 1731 Apothecia
473 1691 729 1727 numerosa,
776 1677 993 1726 rotunda,
1041 1689 1260 1724 concava,
1304 1691 1397 1718 non
1428 1676 1678 1731 perforata,

56 1744 243 1794 sessilia,
276 1749 473 1797 anguste
507 1744 664 1785 affixa.
711 1744 869 1798 Margo
890 1745 1124 1793 incurvus,
1149 1744 1427 1793 crenulatus‚
1452 1743 1678 1792 eeiliatus3

57 1811 401 1866 receptaculum
445 1813 510 1862 (et
547 1813 723 1866 margo)
756 1812 1051 1861 sorediosum,
1086 1811 1230 1853 thallo
1261 1811 1490 1861 concolor;
1525 1816 1681 1852 cortex

58 1879 339 1933 receptaculi
384 1879 660 1933 irregularis,
710 1883 872 1921 10-60
918 1894 946 1933 μ
990 1879 1127 1929 altus,
1172 1879 1457 1928 subdecolor,
1498 1878 1682 1932 hyphae

57 1947 317 2001 adspersae,
365 1951 490 1988 arcte
536 1948 794 2001 contiguae,
839 1951 1064 2001 septatae.
1126 1946 1324 1988 Gonidia
1355 1945 1440 1987 sub
1472 1945 1682 2000 excipulo

58 2015 106 2055 in
136 2018 286 2055 strato
317 2015 539 2055 continuo
570 2019 616 2055 et
648 2015 695 2055 in
725 2014 986 2068 glomerulis
1018 2014 1136 2055 infra
1164 2015 1382 2055 corticem
1403 2013 1683 2067 receptaculi

57 2087 106 2123 et
136 2082 183 2123 in
213 2081 412 2123 medulla
442 2081 682 2136 disposita.
735 2081 1013 2136 Excipulum
1043 2082 1324 2136 hypothecio
1356 2081 1491 2122 valde
1522 2081 1680 2130 simile,

58 2163 151 2190 una
182 2163 286 2190 cum
324 2148 604 2203 hypothecio
640 2153 693 2190 50
727 2164 754 2202 μ
787 2149 947 2192 altum.
1000 2149 1165 2191 Discus
1192 2149 1470 2198 subnitidus,
1503 2148 1681 2197 badius,

56 2217 344 2271 epruinosus.
409 2216 691 2271 Hymenium
728 2222 862 2271 parte
897 2217 1131 2271 superiore
1167 2216 1438 2266 flavescens,
1478 2221 1682 2257 ceterum

58 2283 255 2333 decolor,
295 2287 460 2325 55—65
494 2299 520 2338 μ,
557 2283 720 2333 altum,
753 2289 901 2326 strato
932 2284 1154 2339 amorpho
1185 2284 1396 2325 decolore
1427 2288 1500 2325 sat
1531 2296 1684 2324 crasso

60 2356 133 2402 (10
179 2354 224 2405 μ)
272 2355 462 2393 tectum.
534 2351 825 2406 Paraphyses
884 2353 1014 2405 apice
1073 2351 1275 2393 clavato·
1326 2351 1400 2393 vel
1458 2351 1682 2405 capitato-

59 2419 354 2468 incrassatae,
388 2418 614 2460 indivisae
644 2419 717 2460 vel
748 2433 793 2474 p.
816 2433 875 2460 m.
910 2419 1115 2461 breviter
1145 2419 1438 2472 divergenter
1462 2431 1682 2467 ramosae,

59 2491 133 2527 sat
164 2486 347 2527 validae
380 2487 552 2537 (2,5—3
586 2501 626 2540 μ,
659 2487 822 2528 addito
853 2486 1052 2541 hydrate
1078 2486 1260 2539 kalico),
1285 2491 1494 2540 septatae
1517 2486 1684 2538 (neque

61 2567 170 2594 vero
215 2553 496 2604 constricte).
557 2553 663 2595 Asci
708 2554 876 2603 inflati,
924 2557 978 2595 40
1021 2568 1049 2607 μ
1091 2554 1229 2607 longi,
1271 2556 1435 2594 22—25
1471 2567 1496 2606 μ.
1527 2553 1682 2601 crassi,

61 2620 331 2662 membrana
401 2619 632 2670 mediocri,
694 2622 823 2676 apice
890 2622 1159 2671 incrassata,
1222 2621 1373 2670 cincti,
1435 2621 1682 2674 octospori.

61 2686 234 2741 Sporae
283 2687 349 2728 bi·
401 2686 471 2727 vel
516 2688 820 2730 tri-serialiter
869 2688 1134 2743 dispositae,
1186 2687 1492 2741 ellipsoideae,
1546 2687 1685 2741 vulgo

61 2758 257 2808 anguste
299 2753 604 2808 ellipsoideae,
643 2757 773 2809 apice
812 2756 1108 2805 rotundatae,
1142 2755 1435 2796 mediocriter
1464 2754 1685 2796 limbatae

63 2824 107 2873 (2
138 2823 199 2875 μ),
237 2825 484 2871 17,3-21,5
521 2837 548 2876 μ
580 2822 755 2876 longae,
790 2827 928 2865 8-10
961 2838 987 2877 μ.
1019 2837 1213 2864 crassae.

175 2888 514 2943 Conceptacula
545 2891 984 2944 pycnoconidiorum
1012 2889 1303 2944 subglobosa,
1328 2889 1465 2931 diam.
1490 2893 1684 2931 65—100

65 2971 106 3007 μ,
138 2955 453 3010 perifulcrium
476 2956 748 3006 fuscescens,
773 2958 992 2998 verticem
1015 2971 1176 2998 versus
1198 2957 1339 3010 niger,
1363 2957 1681 2998 incrassatum.
