<?xml version="1.0" encoding="UTF-8"?>
<!DOCTYPE html PUBLIC "-//W3C//DTD XHTML 1.0 Transitional//EN"
    "http://www.w3.org/TR/xhtml1/DTD/xhtml1-transitional.dtd">
<html xmlns="http://www.w3.org/1999/xhtml" xml:lang="en" lang="en">
 <head>
  <title>
</title>
<meta http-equiv="Content-Type" content="text/html;charset=utf-8" />
  <meta name='ocr-system' content='tesseract 3.04.00' />
  <meta name='ocr-capabilities' content='ocr_page ocr_carea ocr_par ocr_line ocrx_word'/>
</head>
<body>
  <div class='ocr_page' id='page_1' title='image "./arkivfrbotanik13kung_0960.png"; bbox 0 0 1882 3190; ppageno 0'>
   <div class='ocr_carea' id='block_1_1' title="bbox 238 97 1567 139">
    <p class='ocr_par' dir='ltr' id='par_1_1' title="bbox 238 97 1567 139">
     <span class='ocr_line' id='line_1_1' title="bbox 238 97 1567 139; baseline 0.002 -2"><span class='ocrx_word' id='word_1_1' title='bbox 238 100 314 137; x_wconf 76' lang='lat'>124</span> <span class='ocrx_word' id='word_1_2' title='bbox 509 108 660 137; x_wconf 70' lang='lat' dir='ltr'>Arzxiv</span> <span class='ocrx_word' id='word_1_3' title='bbox 691 99 783 137; x_wconf 74' lang='lat' dir='ltr'>Foss</span> <span class='ocrx_word' id='word_1_4' title='bbox 814 109 1043 138; x_wconf 75' lang='grc' dir='ltr'>ΒΟΤΑΝΙΚ.</span> <span class='ocrx_word' id='word_1_5' title='bbox 1106 109 1236 137; x_wconf 79' lang='lat' dir='ltr'><strong>BAND</strong></span> <span class='ocrx_word' id='word_1_6' title='bbox 1268 97 1329 138; x_wconf 80' lang='lat'>13.</span> <span class='ocrx_word' id='word_1_7' title='bbox 1390 108 1472 139; x_wconf 80' lang='lat' dir='ltr'>N:o</span> <span class='ocrx_word' id='word_1_8' title='bbox 1503 97 1567 139; x_wconf 87' lang='grc'>13.</span> 
     </span>
    </p>
   </div>
   <div class='ocr_carea' id='block_1_2' title="bbox 230 208 1852 400">
    <p class='ocr_par' dir='ltr' id='par_1_2' title="bbox 230 208 1852 400">
     <span class='ocr_line' id='line_1_2' title="bbox 343 208 1852 260; baseline 0.003 -11"><span class='ocrx_word' id='word_1_9' title='bbox 343 208 429 249; x_wconf 89' lang='lat' dir='ltr'>Die</span> <span class='ocrx_word' id='word_1_10' title='bbox 465 208 548 249; x_wconf 83' lang='lat' dir='ltr'>Art</span> <span class='ocrx_word' id='word_1_11' title='bbox 581 209 641 250; x_wconf 92' lang='lat' dir='ltr'>ist</span> <span class='ocrx_word' id='word_1_12' title='bbox 672 208 753 250; x_wconf 89' lang='lat' dir='ltr'>der</span> <span class='ocrx_word' id='word_1_13' title='bbox 784 210 1010 252; x_wconf 79' lang='lat' dir='ltr'>Parmelia</span> <span class='ocrx_word' id='word_1_14' title='bbox 1040 209 1316 251; x_wconf 74' lang='lat' dir='ltr'>microblasta</span> <span class='ocrx_word' id='word_1_15' title='bbox 1347 209 1505 251; x_wconf 88' lang='lat' dir='ltr'>WAIN.</span> <span class='ocrx_word' id='word_1_16' title='bbox 1539 209 1737 260; x_wconf 73' lang='lat' dir='ltr'>almlich,</span> <span class='ocrx_word' id='word_1_17' title='bbox 1771 227 1852 254; x_wconf 90' lang='lat' dir='ltr'>un-</span> 
     </span>
     <span class='ocr_line' id='line_1_3' title="bbox 230 275 1850 330; baseline 0.003 -14"><span class='ocrx_word' id='word_1_18' title='bbox 230 275 506 317; x_wconf 83' lang='lat' dir='ltr'>tcrscheidet</span> <span class='ocrx_word' id='word_1_19' title='bbox 551 275 646 317; x_wconf 90' lang='lat' dir='ltr'>sich</span> <span class='ocrx_word' id='word_1_20' title='bbox 691 277 800 318; x_wconf 86' lang='lat' dir='ltr'>aber</span> <span class='ocrx_word' id='word_1_21' title='bbox 844 277 988 319; x_wconf 80' lang='lat' dir='ltr'>durch</span> <span class='ocrx_word' id='word_1_22' title='bbox 1033 277 1106 318; x_wconf 90' lang='lat' dir='ltr'>die</span> <span class='ocrx_word' id='word_1_23' title='bbox 1152 276 1384 318; x_wconf 83' lang='lat' dir='ltr'>Reaktion</span> <span class='ocrx_word' id='word_1_24' title='bbox 1432 277 1502 330; x_wconf 90' lang='lat' dir='ltr'>(P.</span> <span class='ocrx_word' id='word_1_25' title='bbox 1550 278 1850 329; x_wconf 74' lang='lat' dir='ltr'>microblasta:</span> 
     </span>
     <span class='ocr_line' id='line_1_4' title="bbox 230 342 1848 400; baseline 0.003 -16"><span class='ocrx_word' id='word_1_26' title='bbox 230 342 365 384; x_wconf 81' lang='lat' dir='ltr'>KOH</span> <span class='ocrx_word' id='word_1_27' title='bbox 410 348 545 384; x_wconf 88' lang='lat' dir='ltr'>extus</span> <span class='ocrx_word' id='word_1_28' title='bbox 589 345 878 395; x_wconf 81' lang='lat' dir='ltr'>immutatus,</span> <span class='ocrx_word' id='word_1_29' title='bbox 912 346 1036 386; x_wconf 86' lang='lat' dir='ltr'>intus</span> <span class='ocrx_word' id='word_1_30' title='bbox 1068 359 1091 386; x_wconf 92' lang='lat' dir='ltr'>e</span> <span class='ocrx_word' id='word_1_31' title='bbox 1123 344 1248 385; x_wconf 84' lang='lat' dir='ltr'>flavo</span> <span class='ocrx_word' id='word_1_32' title='bbox 1279 345 1539 396; x_wconf 88' lang='lat' dir='ltr'>rubescens,</span> <span class='ocrx_word' id='word_1_33' title='bbox 1572 345 1848 400; x_wconf 67' lang='lat' dir='ltr'>CaCl2O21).</span> 
     </span>
    </p>
   </div>
   <div class='ocr_carea' id='block_1_3' title="bbox 463 569 1625 623">
    <p class='ocr_par' dir='ltr' id='par_1_3' title="bbox 463 569 1625 623">
     <span class='ocr_line' id='line_1_5' title="bbox 463 569 1625 623; baseline 0.002 -13"><span class='ocrx_word' id='word_1_34' title='bbox 463 573 529 611; x_wconf 84' lang='lat'>56.</span> <span class='ocrx_word' id='word_1_35' title='bbox 592 569 837 614; x_wconf 82' lang='lat' dir='ltr'>Parmelia</span> <span class='ocrx_word' id='word_1_36' title='bbox 868 571 1066 623; x_wconf 76' lang='lat' dir='ltr'>gracilis</span> <span class='ocrx_word' id='word_1_37' title='bbox 1100 570 1266 622; x_wconf 75' lang='lat' dir='ltr'>(MULL.</span> <span class='ocrx_word' id='word_1_38' title='bbox 1301 570 1437 621; x_wconf 66' lang='lat' dir='ltr'>Am.)</span> <span class='ocrx_word' id='word_1_39' title='bbox 1468 570 1625 613; x_wconf 81' lang='lat' dir='ltr'>WAIN.</span> 
     </span>
    </p>
   </div>
   <div class='ocr_carea' id='block_1_4' title="bbox 187 671 1867 2981">
    <p class='ocr_par' dir='ltr' id='par_1_4' title="bbox 226 671 1852 1011">
     <span class='ocr_line' id='line_1_6' title="bbox 343 671 1852 738; baseline 0.001 -14"><span class='ocrx_word' id='word_1_40' title='bbox 343 683 537 726; x_wconf 82' lang='lat' dir='ltr'>WAINIO</span> <span class='ocrx_word' id='word_1_41' title='bbox 569 671 709 726; x_wconf 74' lang='lat' dir='ltr'>Etude</span> <span class='ocrx_word' id='word_1_42' title='bbox 739 685 927 727; x_wconf 37' lang='lat' dir='ltr'>Liclesenss</span> <span class='ocrx_word' id='word_1_43' title='bbox 958 684 1116 726; x_wconf 73' lang='lat' dir='ltr'>Bre&#39;sil.</span> <span class='ocrx_word' id='word_1_44' title='bbox 1151 683 1187 734; x_wconf 91' lang='lat' dir='ltr'>I,</span> <span class='ocrx_word' id='word_1_45' title='bbox 1217 697 1265 738; x_wconf 89' lang='lat' dir='ltr'>p.</span> <span class='ocrx_word' id='word_1_46' title='bbox 1299 689 1366 726; x_wconf 89' lang='lat'>55.</span> <span class='ocrx_word' id='word_1_47' title='bbox 1418 685 1531 727; x_wconf 83' lang='lat' dir='ltr'>Acta</span> <span class='ocrx_word' id='word_1_48' title='bbox 1560 685 1654 727; x_wconf 82' lang='lat' dir='ltr'>Soc.</span> <span class='ocrx_word' id='word_1_49' title='bbox 1687 685 1852 727; x_wconf 76' lang='lat' dir='ltr'>Fauna</span> 
     </span>
     <span class='ocr_line' id='line_1_7' title="bbox 229 752 1850 802; baseline 0.001 -10"><span class='ocrx_word' id='word_1_50' title='bbox 229 757 265 792; x_wconf 73' lang='lat' dir='ltr'>et</span> <span class='ocrx_word' id='word_1_51' title='bbox 297 752 431 793; x_wconf 79' lang='lat' dir='ltr'>Flora</span> <span class='ocrx_word' id='word_1_52' title='bbox 463 752 662 794; x_wconf 67' lang='lat' dir='ltr'>Fenmssca</span> <span class='ocrx_word' id='word_1_53' title='bbox 693 753 784 795; x_wconf 87' lang='lat' dir='ltr'>vol.</span> <span class='ocrx_word' id='word_1_54' title='bbox 817 753 919 802; x_wconf 91' lang='lat' dir='ltr'>VII,</span> <span class='ocrx_word' id='word_1_55' title='bbox 958 756 1075 793; x_wconf 85' lang='lat'>1890.</span> <span class='ocrx_word' id='word_1_56' title='bbox 1129 753 1533 794; x_wconf 79' lang='lat' dir='ltr'><strong>ZAHLBRUCKNER</strong></span> <span class='ocrx_word' id='word_1_57' title='bbox 1564 753 1775 795; x_wconf 69' lang='lat' dir='ltr'>Lichenes</span> <span class='ocrx_word' id='word_1_58' title='bbox 1806 754 1850 794; x_wconf 88' lang='lat' dir='ltr'>in</span> 
     </span>
     <span class='ocr_line' id='line_1_8' title="bbox 229 820 1851 874; baseline 0.001 -14"><span class='ocrx_word' id='word_1_59' title='bbox 229 820 489 871; x_wconf 70' lang='lat' dir='ltr'>Erqebnisse</span> <span class='ocrx_word' id='word_1_60' title='bbox 519 821 593 862; x_wconf 79' lang='lat' dir='ltr'>der</span> <span class='ocrx_word' id='word_1_61' title='bbox 623 821 763 863; x_wconf 68' lang='lat' dir='ltr'>boian.</span> <span class='ocrx_word' id='word_1_62' title='bbox 799 822 914 874; x_wconf 69' lang='lat' dir='ltr'>Exp.</span> <span class='ocrx_word' id='word_1_63' title='bbox 936 854 943 861; x_wconf 88' lang='lat'>.</span> <span class='ocrx_word' id='word_1_64' title='bbox 966 855 973 861; x_wconf 93' lang='lat'>.</span> <span class='ocrx_word' id='word_1_65' title='bbox 997 855 1004 861; x_wconf 91' lang='lat'>.</span> <span class='ocrx_word' id='word_1_66' title='bbox 1037 820 1150 863; x_wconf 73' lang='lat' dir='ltr'>nach</span> <span class='ocrx_word' id='word_1_67' title='bbox 1180 820 1488 862; x_wconf 69' lang='lat' dir='ltr'>Sibdbrasilz&#39;en</span> <span class='ocrx_word' id='word_1_68' title='bbox 1523 824 1642 862; x_wconf 84' lang='lat'>1901.</span> <span class='ocrx_word' id='word_1_69' title='bbox 1704 821 1851 862; x_wconf 70' lang='lat' dir='ltr'>Deuk-</span> 
     </span>
     <span class='ocr_line' id='line_1_9' title="bbox 226 886 1848 942; baseline 0.001 -14"><span class='ocrx_word' id='word_1_70' title='bbox 226 886 435 940; x_wconf 70' lang='lat' dir='ltr'>Schrijten</span> <span class='ocrx_word' id='word_1_71' title='bbox 455 889 530 930; x_wconf 75' lang='lat' dir='ltr'>der</span> <span class='ocrx_word' id='word_1_72' title='bbox 550 889 632 930; x_wconf 89' lang='lat' dir='ltr'>K..</span> <span class='ocrx_word' id='word_1_73' title='bbox 653 923 659 930; x_wconf 93' lang='lat'>.</span> <span class='ocrx_word' id='word_1_74' title='bbox 680 924 687 931; x_wconf 95' lang='lat'>.</span> <span class='ocrx_word' id='word_1_75' title='bbox 712 889 953 931; x_wconf 70' lang='lat' dir='ltr'>Akademie</span> <span class='ocrx_word' id='word_1_76' title='bbox 973 889 1048 930; x_wconf 66' lang='lat' dir='ltr'>cler</span> <span class='ocrx_word' id='word_1_77' title='bbox 1077 888 1443 942; x_wconf 75' lang='lat' dir='ltr'>Wissenschasten</span> <span class='ocrx_word' id='word_1_78' title='bbox 1463 888 1553 930; x_wconf 84' lang='lat' dir='ltr'>vol.</span> <span class='ocrx_word' id='word_1_79' title='bbox 1578 887 1848 939; x_wconf 76' lang='lat' dir='ltr'>LXXXIII,</span> 
     </span>
     <span class='ocr_line' id='line_1_10' title="bbox 230 955 833 1011; baseline 0.003 -15"><span class='ocrx_word' id='word_1_80' title='bbox 230 955 361 997; x_wconf 90' lang='lat' dir='ltr'>Wien</span> <span class='ocrx_word' id='word_1_81' title='bbox 396 959 516 1006; x_wconf 85' lang='lat'>1909,</span> <span class='ocrx_word' id='word_1_82' title='bbox 551 971 594 1011; x_wconf 87' lang='lat' dir='ltr'>p.</span> <span class='ocrx_word' id='word_1_83' title='bbox 630 960 833 1009; x_wconf 79' lang='lat'>79(165).</span> 
     </span>
    </p>

    <p class='ocr_par' dir='ltr' id='par_1_5' title="bbox 187 1024 1849 1148">
     <span class='ocr_line' id='line_1_11' title="bbox 340 1024 1849 1078; baseline 0.001 -13"><span class='ocrx_word' id='word_1_84' title='bbox 340 1024 568 1067; x_wconf 77' lang='lat' dir='ltr'>Parmelz&#39;a</span> <span class='ocrx_word' id='word_1_85' title='bbox 598 1026 811 1078; x_wconf 72' lang='lat' dir='ltr'>laeviqata</span> <span class='ocrx_word' id='word_1_86' title='bbox 843 1039 936 1066; x_wconf 84' lang='lat' dir='ltr'>var.</span> <span class='ocrx_word' id='word_1_87' title='bbox 969 1025 1150 1077; x_wconf 67' lang='lat' dir='ltr'>qracz&#39;lis</span> <span class='ocrx_word' id='word_1_88' title='bbox 1173 1025 1376 1066; x_wconf 75' lang='lat' dir='ltr'><strong>MULLER</strong></span> <span class='ocrx_word' id='word_1_89' title='bbox 1392 1024 1511 1067; x_wconf 63' lang='grc' dir='ltr'><strong>ΑΗΘ.</strong></span> <span class='ocrx_word' id='word_1_90' title='bbox 1535 1025 1714 1068; x_wconf 70' lang='lat' dir='ltr'>Lichan.</span> <span class='ocrx_word' id='word_1_91' title='bbox 1739 1025 1849 1067; x_wconf 82' lang='lat' dir='ltr'>Neo.</span> 
     </span>
     <span class='ocr_line' id='line_1_12' title="bbox 187 1092 942 1148; baseline 0.003 -15"><span class='ocrx_word' id='word_1_92' title='bbox 187 1117 191 1120; x_wconf 96' lang='lat'>-</span> <span class='ocrx_word' id='word_1_93' title='bbox 231 1092 410 1135; x_wconf 31' lang='lat' dir='ltr'>Gvranat.</span> <span class='ocrx_word' id='word_1_94' title='bbox 448 1097 567 1143; x_wconf 87' lang='lat'>1879,</span> <span class='ocrx_word' id='word_1_95' title='bbox 601 1108 645 1148; x_wconf 92' lang='lat' dir='ltr'>p.</span> <span class='ocrx_word' id='word_1_96' title='bbox 684 1098 731 1135; x_wconf 89' lang='grc'>13</span> <span class='ocrx_word' id='word_1_97' title='bbox 764 1094 942 1148; x_wconf 64' lang='lat' dir='ltr'>(Sep.2).</span> 
     </span>
    </p>

    <p class='ocr_par' dir='ltr' id='par_1_6' title="bbox 343 1160 1614 1204">
     <span class='ocr_line' id='line_1_13' title="bbox 343 1160 1614 1204; baseline 0.001 -2"><span class='ocrx_word' id='word_1_98' title='bbox 343 1160 522 1203; x_wconf 84' lang='lat' dir='ltr'>Exsicc.</span> <span class='ocrx_word' id='word_1_99' title='bbox 583 1161 779 1203; x_wconf 84' lang='lat' dir='ltr'>WAINIO</span> <span class='ocrx_word' id='word_1_100' title='bbox 810 1163 1022 1204; x_wconf 74' lang='lat' dir='ltr'>Lichenes</span> <span class='ocrx_word' id='word_1_101' title='bbox 1051 1162 1351 1204; x_wconf 71' lang='lat' dir='ltr'>Brasilienses</span> <span class='ocrx_word' id='word_1_102' title='bbox 1382 1176 1455 1204; x_wconf 90' lang='lat' dir='ltr'>no.</span> <span class='ocrx_word' id='word_1_103' title='bbox 1494 1166 1614 1203; x_wconf 85' lang='lat'>1400.</span> 
     </span>
    </p>

    <p class='ocr_par' dir='ltr' id='par_1_7' title="bbox 227 1228 1854 1965">
     <span class='ocr_line' id='line_1_14' title="bbox 341 1228 1848 1285; baseline 0.001 -16"><span class='ocrx_word' id='word_1_104' title='bbox 341 1228 529 1270; x_wconf 80' lang='lat' dir='ltr'>Thallus</span> <span class='ocrx_word' id='word_1_105' title='bbox 562 1233 671 1273; x_wconf 85' lang='grc'>7-8</span> <span class='ocrx_word' id='word_1_106' title='bbox 703 1244 787 1271; x_wconf 91' lang='lat' dir='ltr'>cm.</span> <span class='ocrx_word' id='word_1_107' title='bbox 835 1230 971 1278; x_wconf 89' lang='lat' dir='ltr'>latus,</span> <span class='ocrx_word' id='word_1_108' title='bbox 1020 1230 1122 1272; x_wconf 84' lang='lat' dir='ltr'>laxe</span> <span class='ocrx_word' id='word_1_109' title='bbox 1166 1230 1424 1285; x_wconf 87' lang='lat' dir='ltr'>adpressus‚</span> <span class='ocrx_word' id='word_1_110' title='bbox 1474 1230 1609 1272; x_wconf 89' lang='lat' dir='ltr'>valde</span> <span class='ocrx_word' id='word_1_111' title='bbox 1655 1230 1848 1285; x_wconf 79' lang='lat' dir='ltr'>fragilis3</span> 
     </span>
     <span class='ocr_line' id='line_1_15' title="bbox 230 1296 1854 1353; baseline 0.001 -16"><span class='ocrx_word' id='word_1_112' title='bbox 230 1296 423 1338; x_wconf 78' lang='lat' dir='ltr'>laciniae</span> <span class='ocrx_word' id='word_1_113' title='bbox 459 1301 608 1347; x_wconf 79' lang='lat' dir='ltr'>l,5—2</span> <span class='ocrx_word' id='word_1_114' title='bbox 639 1312 745 1340; x_wconf 89' lang='lat' dir='ltr'>mm.</span> <span class='ocrx_word' id='word_1_115' title='bbox 778 1298 914 1348; x_wconf 88' lang='lat' dir='ltr'>latae,</span> <span class='ocrx_word' id='word_1_116' title='bbox 949 1299 1065 1340; x_wconf 85' lang='lat' dir='ltr'>bene</span> <span class='ocrx_word' id='word_1_117' title='bbox 1095 1298 1346 1348; x_wconf 74' lang='lat' dir='ltr'>radiantes,</span> <span class='ocrx_word' id='word_1_118' title='bbox 1380 1299 1620 1348; x_wconf 71' lang='lat' dir='ltr'>discretae,</span> <span class='ocrx_word' id='word_1_119' title='bbox 1645 1298 1854 1353; x_wconf 79' lang='lat' dir='ltr'>apicibus</span> 
     </span>
     <span class='ocr_line' id='line_1_16' title="bbox 230 1364 1850 1416; baseline 0.002 -11"><span class='ocrx_word' id='word_1_120' title='bbox 230 1364 501 1406; x_wconf 88' lang='lat' dir='ltr'>laciniarum</span> <span class='ocrx_word' id='word_1_121' title='bbox 533 1366 816 1416; x_wconf 69' lang='lat' dir='ltr'>imbricatae,</span> <span class='ocrx_word' id='word_1_122' title='bbox 850 1367 1053 1408; x_wconf 75' lang='lat' dir='ltr'>iteratim</span> <span class='ocrx_word' id='word_1_123' title='bbox 1083 1366 1150 1408; x_wconf 86' lang='lat' dir='ltr'>di·</span> <span class='ocrx_word' id='word_1_124' title='bbox 1171 1367 1242 1408; x_wconf 83' lang='lat' dir='ltr'>vel</span> <span class='ocrx_word' id='word_1_125' title='bbox 1266 1366 1606 1408; x_wconf 88' lang='lat' dir='ltr'>trichotomiter</span> <span class='ocrx_word' id='word_1_126' title='bbox 1626 1367 1850 1416; x_wconf 84' lang='lat' dir='ltr'>furcatae,</span> 
     </span>
     <span class='ocr_line' id='line_1_17' title="bbox 230 1432 1848 1489; baseline 0.001 -15"><span class='ocrx_word' id='word_1_127' title='bbox 230 1432 454 1475; x_wconf 84' lang='lat' dir='ltr'>lacinulae</span> <span class='ocrx_word' id='word_1_128' title='bbox 499 1434 823 1489; x_wconf 87' lang='lat' dir='ltr'>subpinnatae,</span> <span class='ocrx_word' id='word_1_129' title='bbox 870 1435 928 1476; x_wconf 92' lang='lat' dir='ltr'>ad</span> <span class='ocrx_word' id='word_1_130' title='bbox 974 1435 1105 1476; x_wconf 83' lang='lat' dir='ltr'>basin</span> <span class='ocrx_word' id='word_1_131' title='bbox 1144 1435 1319 1476; x_wconf 90' lang='lat' dir='ltr'>sinibus</span> <span class='ocrx_word' id='word_1_132' title='bbox 1349 1435 1557 1489; x_wconf 90' lang='lat' dir='ltr'>angustis</span> <span class='ocrx_word' id='word_1_133' title='bbox 1589 1439 1848 1489; x_wconf 83' lang='lat' dir='ltr'>separatae,</span> 
     </span>
     <span class='ocr_line' id='line_1_18' title="bbox 228 1501 1851 1556; baseline 0.001 -14"><span class='ocrx_word' id='word_1_134' title='bbox 228 1501 408 1555; x_wconf 85' lang='lat' dir='ltr'>planae,</span> <span class='ocrx_word' id='word_1_135' title='bbox 456 1503 502 1543; x_wconf 91' lang='lat' dir='ltr'>in</span> <span class='ocrx_word' id='word_1_136' title='bbox 544 1504 673 1556; x_wconf 82' lang='lat' dir='ltr'>apice</span> <span class='ocrx_word' id='word_1_137' title='bbox 710 1507 968 1545; x_wconf 83' lang='lat' dir='ltr'>truncatae.</span> <span class='ocrx_word' id='word_1_138' title='bbox 1028 1502 1217 1544; x_wconf 87' lang='lat' dir='ltr'>Thallus</span> <span class='ocrx_word' id='word_1_139' title='bbox 1247 1503 1405 1552; x_wconf 85' lang='lat' dir='ltr'>isidiis,</span> <span class='ocrx_word' id='word_1_140' title='bbox 1439 1503 1628 1544; x_wconf 77' lang='lat' dir='ltr'>sorediis</span> <span class='ocrx_word' id='word_1_141' title='bbox 1659 1507 1706 1544; x_wconf 90' lang='lat' dir='ltr'>et</span> <span class='ocrx_word' id='word_1_142' title='bbox 1737 1502 1851 1544; x_wconf 82' lang='lat' dir='ltr'>ciliis</span> 
     </span>
     <span class='ocr_line' id='line_1_19' title="bbox 229 1570 1849 1626; baseline 0 -15"><span class='ocrx_word' id='word_1_143' title='bbox 229 1570 497 1620; x_wconf 90' lang='lat' dir='ltr'>destitutus,</span> <span class='ocrx_word' id='word_1_144' title='bbox 531 1571 783 1624; x_wconf 71' lang='lat' dir='ltr'>laeviqatu-s,</span> <span class='ocrx_word' id='word_1_145' title='bbox 818 1571 1007 1620; x_wconf 87' lang='lat' dir='ltr'>nitidus,</span> <span class='ocrx_word' id='word_1_146' title='bbox 1042 1575 1200 1612; x_wconf 83' lang='lat' dir='ltr'>cortex</span> <span class='ocrx_word' id='word_1_147' title='bbox 1230 1571 1542 1626; x_wconf 86' lang='lat' dir='ltr'>irregulariter</span> <span class='ocrx_word' id='word_1_148' title='bbox 1572 1576 1739 1625; x_wconf 86' lang='lat' dir='ltr'>ruptus</span> <span class='ocrx_word' id='word_1_149' title='bbox 1776 1570 1849 1612; x_wconf 88' lang='lat' dir='ltr'>vel</span> 
     </span>
     <span class='ocr_line' id='line_1_20' title="bbox 228 1638 1852 1694; baseline 0.001 -15"><span class='ocrx_word' id='word_1_150' title='bbox 228 1638 287 1679; x_wconf 88' lang='lat' dir='ltr'>ad</span> <span class='ocrx_word' id='word_1_151' title='bbox 333 1638 637 1694; x_wconf 86' lang='lat' dir='ltr'>peripheriam</span> <span class='ocrx_word' id='word_1_152' title='bbox 685 1639 815 1680; x_wconf 89' lang='lat' dir='ltr'>thalli</span> <span class='ocrx_word' id='word_1_153' title='bbox 861 1640 1124 1689; x_wconf 88' lang='lat' dir='ltr'>continuus,</span> <span class='ocrx_word' id='word_1_154' title='bbox 1172 1639 1285 1681; x_wconf 79' lang='lat' dir='ltr'>color</span> <span class='ocrx_word' id='word_1_155' title='bbox 1329 1640 1520 1689; x_wconf 74' lang='lat' dir='ltr'>albidus,</span> <span class='ocrx_word' id='word_1_156' title='bbox 1566 1639 1852 1681; x_wconf 71' lang='lat' dir='ltr'>albido-cine-</span> 
     </span>
     <span class='ocr_line' id='line_1_21' title="bbox 229 1707 1848 1759; baseline 0 -11"><span class='ocrx_word' id='word_1_157' title='bbox 229 1720 404 1749; x_wconf 74' lang='lat' dir='ltr'>rascens</span> <span class='ocrx_word' id='word_1_158' title='bbox 448 1707 518 1748; x_wconf 88' lang='lat' dir='ltr'>vel</span> <span class='ocrx_word' id='word_1_159' title='bbox 563 1711 774 1748; x_wconf 87' lang='lat' dir='ltr'>centrum</span> <span class='ocrx_word' id='word_1_160' title='bbox 816 1722 976 1749; x_wconf 82' lang='lat' dir='ltr'>versus</span> <span class='ocrx_word' id='word_1_161' title='bbox 1011 1707 1284 1759; x_wconf 58' lang='lat' dir='ltr'>(morbose‘l)</span> <span class='ocrx_word' id='word_1_162' title='bbox 1317 1707 1509 1749; x_wconf 88' lang='lat' dir='ltr'>obscure</span> <span class='ocrx_word' id='word_1_163' title='bbox 1539 1708 1745 1749; x_wconf 86' lang='lat' dir='ltr'>cinereus</span> <span class='ocrx_word' id='word_1_164' title='bbox 1776 1707 1848 1749; x_wconf 87' lang='lat' dir='ltr'>vel</span> 
     </span>
     <span class='ocr_line' id='line_1_22' title="bbox 230 1775 1853 1829; baseline 0.001 -14"><span class='ocrx_word' id='word_1_165' title='bbox 230 1775 704 1829; x_wconf 87' lang='lat' dir='ltr'>cinereo-nigrescens.</span> <span class='ocrx_word' id='word_1_166' title='bbox 754 1776 927 1817; x_wconf 80' lang='lat' dir='ltr'>Subtus</span> <span class='ocrx_word' id='word_1_167' title='bbox 946 1775 1125 1817; x_wconf 89' lang='lat' dir='ltr'>ambitu</span> <span class='ocrx_word' id='word_1_168' title='bbox 1148 1780 1342 1829; x_wconf 85' lang='lat' dir='ltr'>anguste</span> <span class='ocrx_word' id='word_1_169' title='bbox 1365 1779 1624 1825; x_wconf 87' lang='lat' dir='ltr'>castaneus,</span> <span class='ocrx_word' id='word_1_170' title='bbox 1650 1779 1853 1817; x_wconf 88' lang='lat' dir='ltr'>ceterum</span> 
     </span>
     <span class='ocr_line' id='line_1_23' title="bbox 228 1843 1851 1897; baseline 0.001 -14"><span class='ocrx_word' id='word_1_171' title='bbox 228 1843 371 1897; x_wconf 84' lang='lat' dir='ltr'>niger,</span> <span class='ocrx_word' id='word_1_172' title='bbox 406 1856 549 1897; x_wconf 90' lang='lat' dir='ltr'>usque</span> <span class='ocrx_word' id='word_1_173' title='bbox 580 1843 639 1885; x_wconf 89' lang='lat' dir='ltr'>ad</span> <span class='ocrx_word' id='word_1_174' title='bbox 671 1844 847 1897; x_wconf 87' lang='lat' dir='ltr'>apicem</span> <span class='ocrx_word' id='word_1_175' title='bbox 870 1844 1141 1885; x_wconf 88' lang='lat' dir='ltr'>laciniarum</span> <span class='ocrx_word' id='word_1_176' title='bbox 1163 1843 1320 1885; x_wconf 88' lang='lat' dir='ltr'>crebre</span> <span class='ocrx_word' id='word_1_177' title='bbox 1342 1844 1615 1893; x_wconf 88' lang='lat' dir='ltr'>rhizinosus,</span> <span class='ocrx_word' id='word_1_178' title='bbox 1649 1843 1851 1884; x_wconf 86' lang='lat' dir='ltr'>rhizinae</span> 
     </span>
     <span class='ocr_line' id='line_1_24' title="bbox 227 1910 1307 1965; baseline 0.002 -14"><span class='ocrx_word' id='word_1_179' title='bbox 227 1911 398 1965; x_wconf 82' lang='lat' dir='ltr'>nigrae,</span> <span class='ocrx_word' id='word_1_180' title='bbox 432 1910 608 1960; x_wconf 88' lang='lat' dir='ltr'>breves,</span> <span class='ocrx_word' id='word_1_181' title='bbox 641 1911 865 1952; x_wconf 84' lang='lat' dir='ltr'>indivisae</span> <span class='ocrx_word' id='word_1_182' title='bbox 898 1912 969 1952; x_wconf 87' lang='lat' dir='ltr'>vel</span> <span class='ocrx_word' id='word_1_183' title='bbox 1009 1920 1045 1959; x_wconf 69' lang='lat' dir='ltr'>ss</span> <span class='ocrx_word' id='word_1_184' title='bbox 1085 1925 1307 1953; x_wconf 82' lang='lat' dir='ltr'>ramosae.</span> 
     </span>
    </p>

    <p class='ocr_par' dir='ltr' id='par_1_8' title="bbox 227 1978 1850 2305">
     <span class='ocr_line' id='line_1_25' title="bbox 341 1978 1849 2034; baseline 0 -14"><span class='ocrx_word' id='word_1_185' title='bbox 341 1978 509 2020; x_wconf 81' lang='lat' dir='ltr'>Cortex</span> <span class='ocrx_word' id='word_1_186' title='bbox 555 1980 759 2033; x_wconf 88' lang='lat' dir='ltr'>superior</span> <span class='ocrx_word' id='word_1_187' title='bbox 807 1983 969 2020; x_wconf 80' lang='lat'>18—25</span> <span class='ocrx_word' id='word_1_188' title='bbox 1002 1994 1029 2033; x_wconf 80' lang='grc' dir='ltr'>μ</span> <span class='ocrx_word' id='word_1_189' title='bbox 1060 1979 1196 2029; x_wconf 90' lang='lat' dir='ltr'>altus,</span> <span class='ocrx_word' id='word_1_190' title='bbox 1244 1978 1429 2034; x_wconf 87' lang='lat' dir='ltr'>hyphae</span> <span class='ocrx_word' id='word_1_191' title='bbox 1471 1979 1730 2034; x_wconf 85' lang='lat' dir='ltr'>adspersae,</span> <span class='ocrx_word' id='word_1_192' title='bbox 1775 1983 1849 2020; x_wconf 88' lang='lat' dir='ltr'>sat</span> 
     </span>
     <span class='ocr_line' id='line_1_26' title="bbox 227 2047 1850 2102; baseline 0 -15"><span class='ocrx_word' id='word_1_193' title='bbox 227 2047 539 2096; x_wconf 86' lang='lat' dir='ltr'>indistinctae,</span> <span class='ocrx_word' id='word_1_194' title='bbox 587 2047 1001 2101; x_wconf 82' lang='lat' dir='ltr'>perpendiculares,</span> <span class='ocrx_word' id='word_1_195' title='bbox 1049 2047 1207 2089; x_wconf 86' lang='lat' dir='ltr'>crebre</span> <span class='ocrx_word' id='word_1_196' title='bbox 1238 2047 1490 2089; x_wconf 87' lang='lat' dir='ltr'>constricte</span> <span class='ocrx_word' id='word_1_197' title='bbox 1520 2051 1747 2102; x_wconf 87' lang='lat' dir='ltr'>septatae,</span> <span class='ocrx_word' id='word_1_198' title='bbox 1780 2061 1850 2087; x_wconf 89' lang='lat' dir='ltr'>ra-</span> 
     </span>
     <span class='ocr_line' id='line_1_27' title="bbox 228 2115 1846 2169; baseline 0.001 -14"><span class='ocrx_word' id='word_1_199' title='bbox 228 2129 394 2161; x_wconf 86' lang='lat' dir='ltr'>mosae,</span> <span class='ocrx_word' id='word_1_200' title='bbox 427 2115 474 2155; x_wconf 92' lang='lat' dir='ltr'>in</span> <span class='ocrx_word' id='word_1_201' title='bbox 505 2119 639 2168; x_wconf 89' lang='lat' dir='ltr'>parte</span> <span class='ocrx_word' id='word_1_202' title='bbox 671 2115 897 2156; x_wconf 84' lang='lat' dir='ltr'>exteriore</span> <span class='ocrx_word' id='word_1_203' title='bbox 929 2120 1054 2157; x_wconf 88' lang='lat' dir='ltr'>arcte</span> <span class='ocrx_word' id='word_1_204' title='bbox 1086 2115 1343 2169; x_wconf 83' lang='lat' dir='ltr'>contiguae,</span> <span class='ocrx_word' id='word_1_205' title='bbox 1378 2116 1567 2167; x_wconf 83' lang='lat'>5—6(7)</span> <span class='ocrx_word' id='word_1_206' title='bbox 1592 2130 1619 2169; x_wconf 75' lang='grc' dir='ltr'>μ</span> <span class='ocrx_word' id='word_1_207' title='bbox 1651 2128 1846 2156; x_wconf 88' lang='lat' dir='ltr'>crassae.</span> 
     </span>
     <span class='ocr_line' id='line_1_28' title="bbox 228 2182 1848 2237; baseline 0 -13"><span class='ocrx_word' id='word_1_208' title='bbox 228 2182 432 2224; x_wconf 89' lang='lat' dir='ltr'>Medulla</span> <span class='ocrx_word' id='word_1_209' title='bbox 476 2182 595 2231; x_wconf 89' lang='lat' dir='ltr'>alba,</span> <span class='ocrx_word' id='word_1_210' title='bbox 639 2186 833 2225; x_wconf 73' lang='lat'>80—130</span> <span class='ocrx_word' id='word_1_211' title='bbox 865 2198 892 2237; x_wconf 81' lang='grc' dir='ltr'>μ</span> <span class='ocrx_word' id='word_1_212' title='bbox 922 2183 1031 2232; x_wconf 84' lang='lat' dir='ltr'>alta,</span> <span class='ocrx_word' id='word_1_213' title='bbox 1065 2183 1251 2237; x_wconf 88' lang='lat' dir='ltr'>hyphae</span> <span class='ocrx_word' id='word_1_214' title='bbox 1282 2182 1556 2224; x_wconf 90' lang='lat' dir='ltr'>medullares</span> <span class='ocrx_word' id='word_1_215' title='bbox 1587 2182 1848 2236; x_wconf 87' lang='lat' dir='ltr'>adspersae,</span> 
     </span>
     <span class='ocr_line' id='line_1_29' title="bbox 230 2250 1849 2305; baseline -0.001 -13"><span class='ocrx_word' id='word_1_216' title='bbox 230 2254 384 2300; x_wconf 76' lang='lat'><strong>2‚5—4</strong></span> <span class='ocrx_word' id='word_1_217' title='bbox 418 2265 444 2304; x_wconf 79' lang='grc' dir='ltr'>μ</span> <span class='ocrx_word' id='word_1_218' title='bbox 476 2264 668 2292; x_wconf 90' lang='lat' dir='ltr'>crassae.</span> <span class='ocrx_word' id='word_1_219' title='bbox 721 2251 885 2292; x_wconf 77' lang='lat' dir='ltr'>Cortex</span> <span class='ocrx_word' id='word_1_220' title='bbox 919 2251 1110 2292; x_wconf 77' lang='lat' dir='ltr'>inferior</span> <span class='ocrx_word' id='word_1_221' title='bbox 1141 2251 1414 2305; x_wconf 88' lang='lat' dir='ltr'>fusconiger,</span> <span class='ocrx_word' id='word_1_222' title='bbox 1455 2254 1618 2292; x_wconf 85' lang='lat'>14—20</span> <span class='ocrx_word' id='word_1_223' title='bbox 1651 2265 1678 2304; x_wconf 85' lang='grc' dir='ltr'>μ</span> <span class='ocrx_word' id='word_1_224' title='bbox 1712 2250 1849 2292; x_wconf 89' lang='lat' dir='ltr'>altus.</span> 
     </span>
    </p>

    <p class='ocr_par' dir='ltr' id='par_1_9' title="bbox 227 2318 1867 2981">
     <span class='ocr_line' id='line_1_30' title="bbox 342 2318 1848 2374; baseline 0 -15"><span class='ocrx_word' id='word_1_225' title='bbox 342 2318 599 2373; x_wconf 86' lang='lat' dir='ltr'>Apothecia</span> <span class='ocrx_word' id='word_1_226' title='bbox 632 2320 697 2369; x_wconf 91' lang='lat' dir='ltr'>(in</span> <span class='ocrx_word' id='word_1_227' title='bbox 723 2320 908 2374; x_wconf 90' lang='lat' dir='ltr'>specim.</span> <span class='ocrx_word' id='word_1_228' title='bbox 932 2334 1023 2360; x_wconf 90' lang='lat' dir='ltr'>non</span> <span class='ocrx_word' id='word_1_229' title='bbox 1047 2320 1162 2361; x_wconf 90' lang='lat' dir='ltr'>bene</span> <span class='ocrx_word' id='word_1_230' title='bbox 1185 2319 1391 2371; x_wconf 87' lang='lat' dir='ltr'>evoluta)</span> <span class='ocrx_word' id='word_1_231' title='bbox 1415 2319 1637 2373; x_wconf 92' lang='lat' dir='ltr'>dispersa,</span> <span class='ocrx_word' id='word_1_232' title='bbox 1661 2318 1848 2368; x_wconf 88' lang='lat' dir='ltr'>sessilia,</span> 
     </span>
     <span class='ocr_line' id='line_1_31' title="bbox 228 2376 1867 2442; baseline 0 -15"><span class='ocrx_word' id='word_1_233' title='bbox 228 2400 320 2427; x_wconf 89' lang='lat' dir='ltr'>non</span> <span class='ocrx_word' id='word_1_234' title='bbox 361 2386 611 2440; x_wconf 77' lang='lat' dir='ltr'>perforata,</span> <span class='ocrx_word' id='word_1_235' title='bbox 651 2387 867 2436; x_wconf 82' lang='lat' dir='ltr'>rotunda,</span> <span class='ocrx_word' id='word_1_236' title='bbox 901 2387 1039 2428; x_wconf 88' lang='lat' dir='ltr'>diam.</span> <span class='ocrx_word' id='word_1_237' title='bbox 1074 2391 1183 2429; x_wconf 80' lang='grc'>2-3</span> <span class='ocrx_word' id='word_1_238' title='bbox 1216 2400 1322 2428; x_wconf 93' lang='lat' dir='ltr'>mm.</span> <span class='ocrx_word' id='word_1_239' title='bbox 1384 2386 1542 2442; x_wconf 85' lang='lat' dir='ltr'>Margo</span> <span class='ocrx_word' id='word_1_240' title='bbox 1573 2387 1749 2441; x_wconf 86' lang='lat' dir='ltr'>integer</span> <span class='ocrx_word' id='word_1_241' title='bbox 1779 2376 1867 2428; x_wconf 83' lang='lat' dir='ltr'>vel</span> 
     </span>
     <span class='ocr_line' id='line_1_32' title="bbox 227 2454 1850 2510; baseline 0.001 -16"><span class='ocrx_word' id='word_1_242' title='bbox 227 2454 507 2503; x_wconf 81' lang='lat' dir='ltr'>crenulatus,</span> <span class='ocrx_word' id='word_1_243' title='bbox 554 2454 897 2508; x_wconf 86' lang='lat' dir='ltr'>receptaculum</span> <span class='ocrx_word' id='word_1_244' title='bbox 942 2454 1334 2508; x_wconf 85' lang='lat' dir='ltr'>sublaevigatum;</span> <span class='ocrx_word' id='word_1_245' title='bbox 1383 2459 1541 2496; x_wconf 87' lang='lat' dir='ltr'>cortex</span> <span class='ocrx_word' id='word_1_246' title='bbox 1572 2454 1850 2510; x_wconf 87' lang='lat' dir='ltr'>receptaculi</span> 
     </span>
     <span class='ocr_line' id='line_1_33' title="bbox 229 2521 1850 2577; baseline 0 -14"><span class='ocrx_word' id='word_1_247' title='bbox 229 2526 454 2573; x_wconf 66' lang='lat'>35-5521.</span> <span class='ocrx_word' id='word_1_248' title='bbox 500 2521 642 2571; x_wconf 87' lang='lat' dir='ltr'>altus;</span> <span class='ocrx_word' id='word_1_249' title='bbox 691 2521 874 2575; x_wconf 90' lang='lat' dir='ltr'>hyphae</span> <span class='ocrx_word' id='word_1_250' title='bbox 921 2522 1340 2575; x_wconf 84' lang='lat' dir='ltr'>perpendiculares,</span> <span class='ocrx_word' id='word_1_251' title='bbox 1388 2522 1649 2577; x_wconf 88' lang='lat' dir='ltr'>adspersae,</span> <span class='ocrx_word' id='word_1_252' title='bbox 1694 2522 1850 2564; x_wconf 90' lang='lat' dir='ltr'>crebre</span> 
     </span>
     <span class='ocr_line' id='line_1_34' title="bbox 228 2589 1851 2644; baseline 0.001 -14"><span class='ocrx_word' id='word_1_253' title='bbox 228 2589 478 2630; x_wconf 87' lang='lat' dir='ltr'>constricte</span> <span class='ocrx_word' id='word_1_254' title='bbox 521 2594 746 2643; x_wconf 88' lang='lat' dir='ltr'>septatae,</span> <span class='ocrx_word' id='word_1_255' title='bbox 792 2590 1164 2631; x_wconf 87' lang='lat' dir='ltr'>interluminibus</span> <span class='ocrx_word' id='word_1_256' title='bbox 1201 2591 1358 2644; x_wconf 86' lang='lat' dir='ltr'>parvis</span> <span class='ocrx_word' id='word_1_257' title='bbox 1389 2594 1646 2644; x_wconf 88' lang='lat' dir='ltr'>separatae,</span> <span class='ocrx_word' id='word_1_258' title='bbox 1678 2589 1851 2644; x_wconf 86' lang='lat' dir='ltr'>pachy-</span> 
     </span>
     <span class='ocr_line' id='line_1_35' title="bbox 228 2657 1851 2712; baseline 0.001 -15"><span class='ocrx_word' id='word_1_259' title='bbox 228 2657 521 2706; x_wconf 88' lang='lat' dir='ltr'>dermaticae,</span> <span class='ocrx_word' id='word_1_260' title='bbox 556 2660 668 2699; x_wconf 77' lang='grc'>7-8</span> <span class='ocrx_word' id='word_1_261' title='bbox 702 2672 727 2711; x_wconf 72' lang='grc' dir='ltr'>μ.</span> <span class='ocrx_word' id='word_1_262' title='bbox 759 2670 951 2698; x_wconf 81' lang='lat' dir='ltr'>crassae.</span> <span class='ocrx_word' id='word_1_263' title='bbox 1014 2657 1212 2698; x_wconf 81' lang='lat' dir='ltr'>Gonidia</span> <span class='ocrx_word' id='word_1_264' title='bbox 1254 2657 1340 2699; x_wconf 91' lang='lat' dir='ltr'>sub</span> <span class='ocrx_word' id='word_1_265' title='bbox 1382 2657 1592 2712; x_wconf 89' lang='lat' dir='ltr'>excipulo</span> <span class='ocrx_word' id='word_1_266' title='bbox 1622 2657 1668 2698; x_wconf 86' lang='lat' dir='ltr'>in</span> <span class='ocrx_word' id='word_1_267' title='bbox 1701 2661 1851 2698; x_wconf 89' lang='lat' dir='ltr'>strato</span> 
     </span>
     <span class='ocr_line' id='line_1_36' title="bbox 229 2724 1851 2779; baseline -0.001 -14"><span class='ocrx_word' id='word_1_268' title='bbox 229 2725 451 2765; x_wconf 89' lang='lat' dir='ltr'>continuo</span> <span class='ocrx_word' id='word_1_269' title='bbox 496 2724 734 2778; x_wconf 90' lang='lat' dir='ltr'>disposita,</span> <span class='ocrx_word' id='word_1_270' title='bbox 783 2724 902 2765; x_wconf 84' lang='lat' dir='ltr'>infra</span> <span class='ocrx_word' id='word_1_271' title='bbox 947 2726 1164 2765; x_wconf 84' lang='lat' dir='ltr'>corticem</span> <span class='ocrx_word' id='word_1_272' title='bbox 1195 2724 1474 2779; x_wconf 90' lang='lat' dir='ltr'>receptaculi</span> <span class='ocrx_word' id='word_1_273' title='bbox 1506 2739 1679 2779; x_wconf 88' lang='lat' dir='ltr'>sparsa,</span> <span class='ocrx_word' id='word_1_274' title='bbox 1712 2724 1851 2778; x_wconf 87' lang='lat' dir='ltr'>vulgo</span> 
     </span>
     <span class='ocr_line' id='line_1_37' title="bbox 230 2791 1850 2846; baseline 0.001 -15"><span class='ocrx_word' id='word_1_275' title='bbox 230 2791 584 2845; x_wconf 82' lang='lat' dir='ltr'>subglomerata.</span> <span class='ocrx_word' id='word_1_276' title='bbox 638 2791 915 2845; x_wconf 82' lang='lat' dir='ltr'>Excipulum</span> <span class='ocrx_word' id='word_1_277' title='bbox 948 2791 1145 2841; x_wconf 88' lang='lat' dir='ltr'>decolor,</span> <span class='ocrx_word' id='word_1_278' title='bbox 1180 2795 1344 2834; x_wconf 81' lang='lat'>20—25</span> <span class='ocrx_word' id='word_1_279' title='bbox 1377 2807 1405 2846; x_wconf 83' lang='grc' dir='ltr'>μ</span> <span class='ocrx_word' id='word_1_280' title='bbox 1436 2792 1598 2842; x_wconf 90' lang='lat' dir='ltr'>altum,</span> <span class='ocrx_word' id='word_1_281' title='bbox 1631 2791 1717 2833; x_wconf 91' lang='lat' dir='ltr'>sub</span> <span class='ocrx_word' id='word_1_282' title='bbox 1749 2796 1850 2832; x_wconf 90' lang='lat' dir='ltr'>toto</span> 
     </span>
     <span class='ocr_line' id='line_1_38' title="bbox 232 2859 1854 2914; baseline 0 -15"><span class='ocrx_word' id='word_1_283' title='bbox 232 2859 511 2912; x_wconf 86' lang='lat' dir='ltr'>hypothecio</span> <span class='ocrx_word' id='word_1_284' title='bbox 542 2864 588 2900; x_wconf 85' lang='lat' dir='ltr'>et</span> <span class='ocrx_word' id='word_1_285' title='bbox 619 2859 678 2900; x_wconf 85' lang='lat' dir='ltr'>ad</span> <span class='ocrx_word' id='word_1_286' title='bbox 709 2859 854 2900; x_wconf 81' lang='lat' dir='ltr'>latera</span> <span class='ocrx_word' id='word_1_287' title='bbox 877 2859 1076 2913; x_wconf 72' lang='lat' dir='ltr'>hymenii</span> <span class='ocrx_word' id='word_1_288' title='bbox 1100 2859 1361 2910; x_wconf 86' lang='lat' dir='ltr'>evolutum;</span> <span class='ocrx_word' id='word_1_289' title='bbox 1395 2859 1725 2914; x_wconf 88' lang='lat' dir='ltr'>hypothecium</span> <span class='ocrx_word' id='word_1_290' title='bbox 1748 2859 1854 2900; x_wconf 90' lang='lat' dir='ltr'>sub-</span> 
     </span>
     <span class='ocr_line' id='line_1_39' title="bbox 229 2925 1853 2981; baseline 0.001 -15"><span class='ocrx_word' id='word_1_291' title='bbox 229 2926 425 2975; x_wconf 82' lang='lat' dir='ltr'>decolor,</span> <span class='ocrx_word' id='word_1_292' title='bbox 461 2930 626 2968; x_wconf 79' lang='lat'>20-25</span> <span class='ocrx_word' id='word_1_293' title='bbox 659 2942 686 2980; x_wconf 77' lang='grc' dir='ltr'><strong>μ</strong></span> <span class='ocrx_word' id='word_1_294' title='bbox 717 2927 879 2968; x_wconf 84' lang='lat' dir='ltr'>altum.</span> <span class='ocrx_word' id='word_1_295' title='bbox 933 2926 1097 2968; x_wconf 89' lang='lat' dir='ltr'>Discus</span> <span class='ocrx_word' id='word_1_296' title='bbox 1120 2940 1354 2968; x_wconf 88' lang='lat' dir='ltr'>concavus</span> <span class='ocrx_word' id='word_1_297' title='bbox 1378 2926 1447 2968; x_wconf 84' lang='lat' dir='ltr'>vel</span> <span class='ocrx_word' id='word_1_298' title='bbox 1471 2926 1649 2981; x_wconf 89' lang='lat' dir='ltr'>planus,</span> <span class='ocrx_word' id='word_1_299' title='bbox 1675 2925 1853 2974; x_wconf 87' lang='lat' dir='ltr'>badius,</span> 
     </span>
    </p>
   </div>
  </div>
 </body>
</html>
