1882 3190
76 133 252 170 LYNGE,
287 131 725 162 PSEUDOPARMELIA
757 131 869 160 GEN.
902 130 1014 159 NOV.
1050 130 1151 159 UND
1182 130 1427 158 PARMELIA
1460 129 1568 158 ACH.
1645 121 1697 159 67

73 233 210 282 color,
243 247 335 274 non
366 233 639 286 inspersum,
673 235 823 272 strato
844 229 1069 283 amorpho
1091 231 1232 279 tenui,
1260 239 1296 277 ᾗ
1327 234 1479 283 rupto,
1506 234 1695 270 tectum.

75 299 365 354 Paraphyses
415 299 664 352 gclatinam
712 299 891 339 firmam
936 302 1268 351 percurrentes,
1316 303 1389 338 sat
1433 298 1695 346 distinctae,

73 374 249 417 tenues,
283 368 412 421 apice
444 381 535 407 non
559 368 853 414 incrassatae,
889 366 951 417 (ss
982 365 1218 416 distincte)
1242 369 1469 418 septatae,
1494 365 1699 406 breviter

74 435 367 488 divergenter
413 448 621 475 ramosae
666 434 737 475 vel
785 446 1234 481 ramoso—connexae,
1278 433 1424 473 rarius
1456 432 1696 473 indivisae.

74 502 180 543 Asci
230 501 582 551 ovato-clavati,
634 501 902 542 membrana
952 500 1184 549 mediocri,
1237 501 1366 553 apice
1425 501 1695 549 incrassata,

73 570 232 619 cincti;
273 573 439 611 50—55
488 584 513 623 μ
559 569 696 622 longi,
745 571 910 609 24—25
960 582 985 621 μ.
1018 568 1170 614 crassi,
1204 569 1454 621 octospori.
1527 568 1698 622 Sporae

75 636 346 678 biserialiter
375 636 643 691 dispositae,
678 636 842 677 obtuse
863 635 1168 689 ellipsoideae,
1193 636 1471 689 episporium
1495 639 1644 684 2-2,3
1671 649 1699 688 μ

74 718 298 754 crassum;
344 718 507 759 sporae
541 706 629 757 (16)
667 706 874 751 18,5-24
906 717 933 757 μ
965 703 1141 757 longae,
1175 702 1235 756 (8)
1271 707 1408 744 9—12
1443 719 1468 757 μ,
1501 717 1696 745 crassae.

185 772 526 824 Conceptacula
558 771 998 827 pycnoconidiorum
1020 785 1280 820 numerosa,
1304 772 1349 811 in
1369 773 1619 824 marginem
1636 771 1699 811 lo-

73 840 235 881 borum
282 841 507 889 immersa,
560 839 748 894 globosa
794 839 866 880 vel
912 839 1356 893 depresso-globosa,
1409 843 1627 881 135—160
1673 854 1700 893 μ

71 907 183 957 alta,
210 911 430 949 135—200
453 922 480 962 μ
502 908 611 949 lata.
654 907 972 949 Pcrifulcrium
993 907 1171 960 apicem
1194 921 1353 948 versus
1376 907 1698 956 incrassatum,

73 976 332 1024 obscurum,
366 980 570 1017 ceterum
601 974 874 1016 subdecolor
905 974 976 1015 vel
1007 974 1206 1015 decolor.
1264 974 1428 1015 Fulcra
1459 974 1700 1015 endobasi-

72 1043 226 1093 dialia,
252 1043 430 1085 basidia
452 1048 562 1085 5-8
579 1057 607 1096 μ
628 1043 777 1096 longa,
796 1046 991 1096 anguste
1010 1042 1262 1096 cylindrica
1280 1042 1352 1083 vel
1368 1042 1698 1096 lageniformia‚

74 1116 184 1152 5—8
217 1126 244 1165 μ
290 1111 439 1166 longa,
492 1114 641 1158 1,5-2
673 1125 700 1164 μ
743 1124 908 1151 crassa.
970 1110 1316 1164 Pycnoconidia
1347 1114 1456 1151 6—8
1489 1125 1516 1164 μ
1547 1110 1698 1164 longa,

76 1183 218 1228 recta,
295 1184 491 1233 anguste
555 1177 884 1232 lageniformia,
952 1178 1082 1232 apice
1144 1177 1411 1227 rotundata,
1465 1182 1619 1225 5‚5—8
1670 1193 1697 1232 μ

74 1246 224 1300 longa,
258 1250 325 1295 O,5
363 1262 388 1301 μ
421 1260 588 1288 crassa.

188 1314 350 1355 React.
405 1314 591 1355 Thallus
650 1312 786 1354 KOH
842 1317 979 1354 extus
1035 1313 1257 1354 distincte
1314 1313 1585 1362 flavescens,
1634 1314 1699 1354 in-

74 1386 150 1422 tus
181 1382 329 1435 primo
375 1382 662 1431 immutatus,
711 1381 816 1422 dein
870 1381 1018 1422 dilute
1070 1381 1346 1431 flavescens;
1399 1380 1603 1433 CaCl2O2
1655 1386 1701 1422 et

74 1448 474 1501 KOH÷CaCl202
506 1454 641 1490 extus
672 1453 718 1490 et
741 1450 866 1490 intus
888 1450 1177 1490 immutatus,
1223 1449 1327 1490 Asci
1348 1449 1378 1490 J
1399 1450 1702 1503 persistenter

75 1516 451 1566 caerulescentes‚
485 1516 771 1571 paraphyses
803 1521 850 1558 et
881 1516 1083 1570 gelatina
1114 1516 1317 1569 hymenii
1349 1516 1379 1557 J
1409 1518 1671 1557 immutata.

187 1585 450 1638 Paraquay:
481 1585 699 1626 Territor.
733 1585 857 1625 Gran
889 1584 1040 1626 Chaco
1072 1584 1131 1625 ad
1153 1584 1419 1638 Pilcomayo
1443 1588 1480 1625 3.
1506 1588 1544 1625 9.
1573 1588 1698 1634 18933

73 1652 307 1693 Asuncion
341 1652 596 1703 (meridion.
631 1653 824 1704 versus),
858 1653 917 1693 ad
939 1652 1126 1693 arbores
1147 1651 1342 1693 humiles
1363 1657 1436 1693 sat
1457 1651 1699 1701 solitarias,

73 1720 175 1761 loco
219 1718 512 1768 subhumido,
560 1723 625 1762 27.
672 1724 708 1761 8.
753 1723 871 1766 1893,
905 1734 979 1761 no.
1017 1719 1195 1762 1678**.
1231 1745 1284 1748 —
1314 1720 1539 1761 Brasilz'ae
1571 1720 1697 1762 civit.

74 1787 225 1829 Matto
271 1787 461 1829 Grosso:
509 1787 655 1829 Santa
699 1787 904 1828 Antonio
947 1801 1090 1842 prope
1132 1787 1337 1842 Cuyaba,
1372 1791 1438 1829 20.
1476 1791 1538 1828 12.
1577 1791 1697 1835 1893,

76 1868 147 1897 no.
198 1859 307 1896 2156
350 1855 408 1905 Β;
458 1855 602 1897 Santa
644 1855 778 1896 Anna
816 1855 876 1896 da
913 1855 1134 1910 Chapada
1172 1860 1210 1897 6.
1253 1861 1291 1898 3.
1329 1859 1449 1905 1894,
1484 1869 1556 1897 no,
1591 1858 1696 1896 2511

75 1922 171 1964 Ba*
214 1928 261 1963 et
304 1926 368 1965 23.
403 1926 439 1964 2.
484 1926 602 1970 1894,
637 1937 710 1964 no.
746 1926 855 1964 2408
888 1924 953 1977 (in
986 1923 1229 1964 ›>cerrado›>
1262 1924 1413 1964 minus
1445 1923 1619 1973 denso),
1653 1927 1700 1963 et

75 1993 142 2031 21.
177 1993 214 2032 2.
252 1994 372 2039 1894,
406 2004 481 2032 no.
516 1990 681 2031 2392**
717 1991 781 2043 (in
811 1991 1016 2045 margine
1047 1990 1224 2043 silvae).

498 2159 531 2200 f.
565 2161 930 2204 membranacea
961 2174 1004 2201 n.
1039 2160 1069 2201 f.
1102 2160 1162 2201 ad
1193 2161 1276 2202 int.

186 2260 357 2301 Differt
403 2260 549 2303 thallo
595 2261 817 2310 tenuiore,
864 2261 1003 2309 molli,
1048 2261 1165 2303 lobis
1196 2261 1540 2316 angustioribus
1574 2264 1700 2314 (3-5

76 2341 182 2369 mm.
215 2328 356 2379 latis),
389 2328 538 2369 minus
569 2328 973 2378 adscendentibus,
1007 2329 1146 2383 vulgo
1179 2337 1216 2377 ss
1247 2330 1460 2378 crenatis,
1494 2333 1540 2370 et
1571 2343 1701 2383 prae-

76 2396 209 2449 cipue
255 2396 402 2449 sporis
431 2396 701 2438 minoribus:
748 2396 882 2447 (13,3)
921 2400 1082 2439 15—17
1116 2398 1205 2448 (18)
1235 2411 1260 2451 μ
1292 2396 1437 2450 longis
1468 2401 1514 2437 et
1546 2400 1696 2446 8—9,5

77 2477 106 2516 μ,
136 2463 311 2505 crassis,
374 2462 587 2504 Ceterum
618 2468 670 2504 ut
701 2465 749 2504 in
781 2467 911 2517 typo.

189 2530 453 2584 Paraquay:
483 2531 699 2572 Territor.
734 2531 858 2572 Gran
889 2530 1056 2581 Chaco,
1080 2531 1139 2572 ad
1162 2531 1427 2586 Pilcomayo
1448 2535 1486 2572 2.
1511 2535 1548 2574 9.
1577 2535 1697 2576 1893.

76 2622 130 2627 ——
161 2597 228 2639 Ut
259 2597 460 2647 videtur,
493 2598 554 2639 ad
584 2597 810 2640 arborem.

189 2664 270 2706 Ich
313 2664 445 2706 hatte
487 2670 640 2707 zuerst
676 2680 764 2707 nur
795 2666 913 2708 nach
944 2667 1026 2708 der
1055 2667 1292 2708 Literatur
1322 2666 1395 2708 die
1425 2666 1701 2722 Exemplare

76 2732 143 2774 als
193 2733 420 2774 Parmelia
469 2734 728 2779 saccatiloba
773 2734 921 2775 TAYL.
974 2735 1225 2783 bestimmt,
1272 2734 1372 2775 weil
1417 2734 1489 2776 ich
1534 2734 1700 2777 keinen

77 2799 385 2841 Unterschied
414 2800 640 2841 zwischen
671 2800 760 2842 den
791 2801 1002 2843 Maassen
1032 2802 1192 2843 finden
1218 2802 1407 2851 konnte,
1430 2802 1542 2844 aber
1563 2807 1702 2844 unter

76 2867 272 2917 Zweifel,
318 2867 418 2908 weil
456 2867 530 2908 ich
562 2867 667 2909 kein
698 2868 1200 2924 Vergleichsexemplar
1230 2869 1376 2912 hatte.
1437 2868 1595 2912 Durch
1626 2869 1700 2911 die

78 2933 200 2976 Giite
241 2934 321 2976 des
359 2935 511 2976 Herm
543 2935 800 2977 Professors
832 2935 1050 2978 ELFVING
1080 2937 1127 2978 in
1159 2936 1446 2992 Helsingfors
1477 2936 1596 2979 habe
1626 2937 1699 2979 ich
