1882 3190
58 138 236 176 LYNGE,
269 136 707 167 PSEUDOPARMELIA
739 135 850 164 GEN.
884 134 998 163 NOV.
1033 134 1136 162 UND
1170 132 1416 162 PARMELIA
1449 132 1558 161 ACH.
1628 124 1677 163 71

60 238 266 280 wirklich
307 236 531 278 »medulla
562 236 696 277 KOH
715 247 783 276 ÷›>
817 236 896 284 ist;
930 234 999 275 bei
1035 234 1260 275 Parmelia
1289 234 1526 275 rissoensis
1558 232 1682 274 farbt

60 306 160 348 sich
207 305 289 346 das
335 304 466 345 Mark
513 309 607 345 crst
652 304 769 344 nach
812 303 916 343 dem
959 301 1276 342 Eintrocknen
1327 301 1407 342 der
1437 300 1681 354 Kalilauge

59 380 148 415 rot.
188 399 238 403 -—
281 372 453 426 Sporen
503 371 597 412 und
644 369 1030 425 Pyknokonidien
1075 369 1291 409 stimmen
1337 368 1410 409 bei
1454 367 1543 408 den
1574 368 1682 408 zwei

59 442 204 482 Arten
236 440 439 481 iiberein.

383 667 449 704 24.
512 663 755 707 l'armelia
786 661 1176 715 paraguariensis
1208 674 1251 701 n.
1285 675 1352 715 sp.

172 776 360 818 Thallus
387 780 545 817 10—11
566 790 649 818 cm.
674 776 810 824 latim,
831 774 1108 827 subrigidus,
1127 773 1355 827 profunde
1374 772 1684 826 irregulariter

58 845 243 892 incisus,
276 843 369 884 lobi
400 843 497 892 lati,
531 843 784 891 rotundati,
813 842 868 883 ad
893 842 1144 895 marginem
1166 840 1514 889 adscendentes,
1538 840 1681 889 incisi,

59 911 514 965 undulato-crispati.
566 910 753 952 Thallus
785 909 912 958 ciliis,
945 909 1136 950 sorediis
1167 913 1214 949 et
1245 908 1387 949 isidiis
1413 908 1682 956 destitutus,

58 979 319 1033 laevigatus
366 979 436 1020 vel
484 978 740 1032 rugulosus,
779 978 1027 1018 continuus
1061 976 1133 1017 vel
1165 976 1272 1017 dein
1304 990 1466 1030 parum
1499 980 1681 1029 ruptus,

58 1046 250 1095 nitidus,
274 1047 753 1099 cinereo-gylaucescens,
777 1045 943 1086 subtus
965 1058 1176 1098 rugosus
1191 1044 1250 1085 ad
1265 1043 1493 1084 ambitum
1508 1043 1683 1084 albido-

56 1119 104 1156 et
154 1114 730 1167 fuscescenti-variegatus,
790 1112 955 1161 nudus,
1008 1116 1214 1153 ceterum
1262 1112 1389 1166 niger
1426 1111 1499 1152 vel
1534 1111 1683 1151 fusco-

56 1183 333 1236 nigrescens,
366 1182 568 1236 disperse
599 1180 869 1222 rhizinosus.

171 1250 340 1291 Cortex
386 1250 593 1303 superior
640 1251 801 1289 13-19
834 1263 861 1302 μ
897 1247 1033 1297 altus,
1066 1247 1264 1296 decolor,
1298 1246 1483 1301 hyphae
1516 1251 1624 1287 4-6
1658 1260 1684 1299 μ,

57 1331 252 1366 crassae,
286 1317 543 1371 adspersae,
577 1320 802 1371 septatae,
836 1329 1056 1364 ramosae,
1091 1319 1219 1356 arcte
1251 1315 1495 1368 contiguae
1517 1319 1564 1356 et
1586 1328 1686 1368 per-

57 1384 391 1440 pendiculares,
425 1384 670 1438 praecipue
712 1388 844 1438 parte
884 1384 1131 1437 superiore,
1165 1382 1238 1423 vel
1283 1382 1388 1423 dein
1434 1380 1684 1422 luminibus

57 1452 215 1506 parvis
262 1457 518 1505 separatae.
589 1451 791 1492 Medulla
835 1450 955 1499 alba,
1007 1453 1227 1492 llo—210
1272 1464 1297 1503 μ
1342 1449 1452 1498 alta,
1500 1448 1685 1503 hyphae

57 1524 234 1568 tenues,
267 1533 359 1559 non
392 1519 653 1572 adspersae,
688 1521 796 1559 2—3
821 1533 846 1572 μ
879 1532 1071 1559 crassae.
1123 1517 1289 1559 Cortex
1318 1517 1506 1558 inferior
1526 1517 1683 1557 fuscus

59 1586 131 1628 vel
162 1587 585 1640 fusco-nigrescens,
625 1590 787 1628 10—15
821 1600 847 1639 μ
879 1585 1017 1627 altus

173 1654 431 1708 Apothecia
481 1667 738 1703 numerosa,
789 1668 951 1706 magma
998 1653 1062 1694 vel
1105 1653 1317 1702 maxima,
1369 1656 1533 1693 10—18
1579 1665 1685 1692 mm.

57 1723 212 1771 diam.,
261 1726 441 1776 partem
489 1720 739 1762 centralem
772 1720 904 1762 thalli
935 1721 1031 1762 fere
1063 1721 1282 1775 tegentia,
1316 1719 1565 1769 urceolata,
1594 1734 1688 1773 per-

56 1789 199 1843 jorata
247 1789 428 1840 (foram.
477 1789 617 1830 diam.
666 1792 769 1829 l—3
801 1790 944 1840 mm.),
977 1787 1267 1843 pedicellata.
1328 1787 1488 1841 Margo
1520 1787 1686 1835 tenuis,

58 1858 250 1910 integer,
284 1871 377 1897 non
408 1856 606 1905 ciliatus,
639 1856 984 1911 receptaculum
1014 1869 1230 1909 rugosum
1263 1855 1332 1897 vel
1354 1856 1495 1896 etiam
1517 1854 1688 1896 scrobi-

57 1926 279 1973 culatum,
309 1925 453 1966 thallo
485 1925 711 1974 concolor,
737 1929 895 1966 cortex
918 1924 1199 1979 receptaculi
1221 1924 1405 1965 decolor
1427 1923 1499 1965 vel
1521 1922 1687 1964 subde-

58 1993 197 2043 color,
222 1992 497 2047 irregularis,
526 1997 689 2034 15-60
713 2008 738 2047 {³⁴
761 1992 898 2041 altus,
924 1991 1108 2046 hyphae
1132 1993 1317 2033 corticis
1337 1990 1687 2046 perpendicula-

59 2075 144 2109 res,
170 2061 428 2114 contiguae,
454 2065 680 2114 septatae,
704 2060 965 2114 adspersae,
987 2064 1096 2101 6-9
1113 2075 1138 2114 μ
1156 2073 1349 2101 crassae.
1383 2059 1579 2100 Gonidia
1601 2057 1686 2099 sub

58 2128 270 2183 excipulo
301 2133 348 2168 et
378 2128 499 2169 infra
530 2129 747 2169 corticem
779 2128 1057 2182 receptaculi
1090 2128 1133 2168 in
1167 2133 1315 2168 strato
1347 2127 1567 2168 continuo
1598 2126 1688 2167 dis-

61 2197 230 2251 posita.
292 2195 571 2250 Excipulum
617 2195 814 2246 decolor,
864 2198 915 2236 25
950 2210 975 2249 μ
1018 2195 1179 2245 altum,
1213 2194 1495 2249 hypothecio
1527 2193 1685 2242 simile,

59 2264 145 2306 sub
192 2268 294 2305 toto
338 2263 618 2318 hypothecio
660 2268 707 2304 et
745 2263 803 2304 ad
836 2263 984 2304 latera
1014 2263 1218 2317 hymenii
1249 2262 1507 2311 evolutum3
1542 2261 1686 2315 hypo-

61 2331 265 2372 theoium
287 2330 571 2381 subdecolor,
597 2334 647 2371 25
671 2345 699 2383 μ
721 2330 882 2371 altum.
924 2330 1089 2371 Discus
1112 2330 1288 2371 nitidus
1312 2330 1381 2371 vel
1405 2328 1685 2378 subuitidus,

59 2397 510 2447 rufescenti·badius‚
565 2399 852 2452 epruinosus.
933 2398 1215 2452 Hymenium
1265 2402 1397 2451 parte
1454 2397 1687 2450 superiore

59 2465 462 2514 flavofuscescens,
497 2470 700 2507 ceterum
731 2465 928 2515 decolor,
963 2469 1128 2508 65——75
1163 2481 1189 2520 μ.
1219 2465 1380 2513 altum,
1406 2464 1685 2518 epithecium

60 2547 291 2587 rugosum.
326 2532 617 2586 Paraphyses
650 2539 824 2583 tenues,
858 2534 988 2587 apice
1010 2533 1133 2574 haud
1158 2534 1456 2580 incrassatae,
1480 2545 1687 2572 ramosae

62 2601 134 2642 vel
169 2613 622 2648 ramoso-connexae,
655 2605 879 2654 septatae.
914 2600 1018 2642 Asci
1050 2599 1411 2641 inflato-clavati
1444 2598 1516 2640 vel
1541 2599 1684 2648 ovati,

62 2668 334 2709 membrana
394 2668 523 2709 tenui
591 2667 666 2709 vel
724 2668 956 2718 mediocri,
1018 2668 1148 2722 apice
1206 2667 1377 2722 passim
1414 2667 1684 2715 incrassata,

60 2735 347 2785 circumdati,
396 2737 643 2789 octospori,
691 2740 857 2777 45--50
910 2751 935 2790 μ
980 2735 1104 2789 longi
1150 2741 1195 2776 et
1247 2737 1409 2775 16—24
1457 2748 1482 2787 μ.
1528 2734 1683 2775 crassi.

60 2803 235 2857 Sporae
277 2803 552 2845 biserialiter
582 2802 850 2856 dispositae,
884 2803 1191 2857 ellipsoideae,
1225 2803 1355 2856 apice
1386 2802 1683 2851 rotundatae,

60 2871 264 2912 tenuiter
295 2870 529 2919 limbatae,
567 2873 813 2920 12,.=,—17‚3
850 2884 878 2924 μ
909 2870 1071 2924 longae
1102 2875 1149 2911 et
1182 2873 1330 2919 7—9,3
1367 2883 1394 2923 μ
1425 2883 1618 2911 crassae.

175 2937 516 2992 Conceptacula
548 2937 990 2992 pycnoconidiorum
1025 2951 1283 2986 numerosa,
1315 2936 1518 2990 globosa,
1545 2936 1683 2977 diam.
