1882 3190
232 127 284 164 30
505 134 656 162 ARKIV
686 125 780 163 Fon
811 135 1040 164 BOTANIK.
1103 134 1235 163 ΒΑΜ)
1269 122 1330 164 13.
1392 135 1473 164 N:o
1504 123 1568 165 13.

233 237 353 282 1902,
389 247 461 274 no.
497 239 534 283 4,
568 247 612 287 p.
646 237 694 274 13
727 236 861 286 (470).
913 235 1316 275 ZAHIBRUCKNER
1346 233 1558 276 Lichenes
1588 235 1635 276 in
1666 235 1849 288 Erqebn.

227 302 301 342 der
331 302 410 342 bot
444 301 595 354 Exp..
622 335 664 342 ..
698 303 810 344 nach
839 302 1159 344 Sudbraszlien.
1211 301 1549 354 Denlcschriften
1577 302 1684 344 der.
1746 336 1754 344 .
1787 303 1848 344 K.

229 369 373 410 stad.
419 369 494 410 der
544 369 924 422 Wzmssenschajten
973 369 1061 410 vol.
1096 368 1367 418 LXXXIII,
1402 368 1531 410 Wien
1567 372 1688 418 1909,
1717 382 1765 423 p.
1798 373 1850 412 77

228 436 346 485 (163)
379 441 426 476 et
458 440 510 476 84
542 438 674 488 (170)
721 436 1089 486 F1NK,chh.ens
1121 435 1165 488 os
1188 436 1458 478 Minnesota.
1501 436 1695 478 Contrib.
1725 437 1778 478 U
1801 437 1849 478 S.

227 503 443 544 National
476 503 620 553 Herb„
654 504 743 545 vol.
777 504 902 553 XIV,
936 517 979 557 p.
1018 506 1109 544 195.
1172 502 1477 557 Washington
1512 507 1632 545 1910.

340 569 448 624 Syn.
495 571 722 613 Parmelt'a
762 571 939 612 Βοὴ-θη·
981 583 1078 611 var.
1117 570 1305 611 rudecta.
1367 570 1683 612 TUOKERMAN
1713 571 1769 613 U.
1804 571 1847 613 S.

231 637 408 690 Explor.
442 638 608 691 Exped.
646 643 767 687 1861,
795 653 840 693 p.
869 643 959 679 142.
1012 637 1173 690 Ejusd.
1206 637 1429 692 Synopsis
1448 637 1590 680 North
1612 639 1850 680 American

226 704 428 754 Lichens,
463 706 550 747 vol.
586 706 622 754 Ι,
660 710 780 754 1882,
815 720 858 760 p.
893 710 959 747 26.

339 772 527 814 Thallus
560 774 630 823 (ut
652 774 856 824 videtur)
879 772 1161 821 orbicularis,
1185 772 1322 815 diam.
1348 786 1493 827 usque
1514 776 1540 814 9
1561 787 1660 824 cm„
1684 774 1849 823 tenuis,

225 839 414 893 fragilis,
446 840 539 881 lobi
569 842 718 882 minus
750 841 997 889 radiantes,
1032 840 1208 888 breves,
1242 846 1314 881 sat
1345 841 1529 895 angusti
1555 842 1684 892 (3—5
1705 844 1847 893 mm.),

225 908 452 962 margines
483 908 585 949 laxe
615 908 823 964 adpressi
853 908 926 949 vel
958 907 1096 961 vulgo
1125 916 1162 955 :h
1192 907 1539 958 adscendentes,
1572 908 1665 949 lobi
1690 913 1850 949 rotun-

225 974 325 1016 dati
357 975 428 1016 vel
459 975 764 1025 subtruncati,
800 976 963 1029 integri
995 975 1069 1016 vel
1100 975 1340 1024 crenulati‚
1373 976 1578 1030 contigui
1599 975 1673 1017 vel
1693 975 1849 1017 imbri-

225 1043 331 1091 cati,
356 1047 564 1084 centrum
585 1058 747 1084 versus
770 1043 1098 1084 subcrustacei.
1131 1042 1319 1084 Thallus
1336 1043 1502 1084 leviter
1518 1043 1849 1085 scrobiculato-

224 1123 431 1163 rugosus,
476 1110 588 1151 ciliis
619 1116 666 1152 et
697 1111 886 1151 sorediis
917 1110 1186 1160 destitutus,
1218 1110 1407 1152 maculis
1436 1111 1551 1152 albis
1581 1111 1850 1164 prominulis

224 1177 355 1219 dense
403 1179 656 1227 instructus,
704 1179 907 1232 margine
952 1182 1147 1231 excepto
1191 1178 1322 1220 dense
1360 1179 1524 1231 (usque
1568 1178 1850 1229 confluente)

225 1245 549 1298 isidiisormiter
578 1247 642 1287 vel
671 1245 1091 1299 squamulisormiter
1120 1246 1489 1299 microphyllinus
1515 1246 1580 1287 vel
1598 1246 1848 1299 qlomeruli-

223 1312 356 1365 serus.
390 1313 523 1355 Color
545 1314 1016 1362 cinereo-flavescens,
1035 1315 1081 1355 in
1103 1313 1619 1367 glauco-fuscescentem
1638 1327 1845 1368 vergens,

224 1380 390 1421 subtus
435 1380 491 1422 ad
540 1381 766 1422 ambitum
812 1381 904 1421 fere
944 1380 1129 1422 decolor
1159 1380 1233 1422 vel
1263 1380 1409 1422 dilute
1440 1385 1686 1422 castaneus
1719 1383 1846 1431 (2-3

224 1450 368 1499 mm.),
416 1448 712 1498 erhizinosus,
761 1454 963 1489 ceterum
1000 1449 1140 1502 niger,
1173 1447 1442 1497 rhizinosus,
1474 1447 1677 1489 rhizinae
1707 1447 1849 1502 pellu-

223 1515 350 1556 cidae
384 1515 451 1556 ve]
485 1516 591 1556 dein
622 1516 894 1565 infuscatae,
928 1516 1166 1564 indivisae,
1200 1529 1251 1557 ca
1284 1519 1338 1557 40
1371 1531 1396 1570 μ
1429 1529 1622 1557 crassae.

335 1583 502 1624 Cortex
535 1584 741 1638 superior
776 1587 936 1626 17—25
971 1598 1010 1637 μ,
1043 1589 1177 1638 parte
1207 1584 1434 1625 exteriore
1460 1583 1704 1632 lutescens,
1728 1588 1847 1625 cete-

222 1664 324 1691 rum
355 1651 552 1699 decolor,
586 1650 768 1705 hyphae
800 1653 984 1693 corticis
1014 1650 1642 1706 pseudoparenchymaticae,
1674 1650 1847 1705 pachy-

219 1717 512 1768 dermaticae,
560 1718 733 1759 lumina
783 1719 1015 1760 cellularia
1060 1719 1311 1773 conspicua
1356 1718 1430 1760 vel
1475 1719 1616 1760 etiam
1661 1732 1843 1772 magna.

219 1785 421 1828 Medulla
451 1785 569 1836 alba,
608 1790 825 1828 100—180
859 1801 898 1840 μ,
932 1786 1116 1841 hyphae
1148 1786 1422 1828 medullares
1454 1791 1562 1829 3—5
1591 1800 1617 1840 μ
1649 1800 1842 1836 crassae,

220 1853 482 1908 adspersae,
523 1868 744 1903 ramosae,
778 1868 912 1908 parce
944 1859 1169 1909 septatae.
1232 1854 1430 1896 Gonidia
1460 1854 1598 1895 diam.
1632 1857 1769 1897 7—12
1801 1868 1843 1908 μ.
1881 1864 1882 1876 ³

218 1920 387 1962 Cortex
419 1921 606 1962 inferior
637 1921 1041 1975 fusconigrescens,
1081 1925 1243 1963 13—20
1274 1936 1302 1975 μ.
1332 1921 1469 1963 altus.

332 1988 588 2043 Apothecia
609 2003 865 2038 numerosa,
886 1989 1197 2043 imperforata,
1215 1990 1364 2044 primo
1385 1989 1605 2043 dispersa,
1625 1989 1853 2039 rotunda,-

219 2055 556 2110 cupuliformia,
598 2056 815 2097 distincte
846 2056 1135 2111 pedioellata,
1168 2057 1274 2098 dein
1306 2056 1603 2106 confluentia,
1637 2069 1844 2097 concava

218 2123 292 2164 vel
329 2123 558 2177 subplana
589 2129 636 2164 et
666 2129 828 2165 mutua
859 2125 1092 2178 pressione
1123 2124 1358 2179 angulosa,
1391 2124 1529 2166 diam.
1564 2128 1702 2165 6-10
1733 2138 1841 2164 mm.

217 2190 375 2244 Margo
405 2199 441 2239 ss
471 2192 705 2240 incurvus,
753 2197 968 2233 crenatus
1014 2192 1087 2234 vel
1126 2193 1267 2233 etiam
1294 2191 1622 2233 denticulatus
1667 2191 1842 2245 Recep-

218 2258 425 2299 taculum
449 2259 572 2299 valde
593 2273 812 2311 ruqosmn,
837 2260 1214 2313 albo-punctatum
1239 2260 1304 2301 vel
1323 2259 1672 2308 albo-sulcatum,
1697 2258 1842 2300 thallo

218 2325 451 2376 concolor;
485 2333 644 2367 cortex
674 2327 953 2379 receptaculi
986 2327 1123 2381 vulgo
1155 2331 1322 2369 40-60
1353 2327 1517 2373 (rarius
1549 2339 1695 2380 usque
1718 2330 1789 2377 80)
1815 2340 1840 2379 μ.

218 2393 355 2443 altus,
397 2393 579 2435 decolor
624 2393 695 2434 vel
742 2400 875 2448 parte
921 2396 1149 2436 exteriore
1194 2394 1480 2444 subdecolor,
1528 2393 1713 2448 hyphae
1745 2407 1840 2435 cor-

218 2461 321 2502 ticis
372 2460 786 2515 perpendiculares,
832 2462 1461 2517 pseudoparenchymaticae,
1508 2452 1841 2516 pachydermass

218 2529 355 2578 ticae3
404 2528 580 2570 lumina
622 2528 853 2569 cellularia
884 2531 1144 2583 conspicua..
1207 2529 1405 2572 Gonidia
1435 2528 1520 2570 sub
1550 2528 1764 2583 excipulo
1794 2533 1841 2569 et

219 2596 337 2636 infra
383 2597 598 2637 corticem
644 2596 690 2636 in
736 2601 885 2637 strato
918 2598 1139 2638 continuo
1169 2597 1359 2639 inclusa.
1426 2596 1704 2651 Excipulum
1737 2599 1790 2638 20
1814 2611 1839 2650 μ.

218 2663 380 2712 altum,
433 2663 518 2704 sub
568 2668 670 2704 toto
720 2663 1000 2717 hypothecio
1050 2670 1097 2706 et
1142 2664 1202 2706 ad
1244 2665 1392 2706 latera
1436 2663 1638 2718 hymenii
1685 2663 1840 2704 evolu-

219 2736 333 2780 tum,
367 2731 446 2772 sed
477 2736 688 2772 centrum
710 2744 868 2772 versus
889 2731 1169 2785 hypothecio
1191 2732 1439 2774 subsimile.
1492 2731 1839 2786 Hypothecium

220 2802 272 2839 20
305 2814 332 2851 μ.
363 2799 523 2839 altum.
586 2798 748 2839 Discus
780 2798 1178 2849 flavofuscescens,
1202 2813 1386 2854 opacus,
1410 2800 1695 2856 epruinOSUS.
1743 2798 1839 2853 Hy-

219 2867 418 2907 menium
469 2870 545 2907 100
592 2881 619 2920 μ.
668 2865 827 2915 altum,
880 2880 1076 2920 superne
1126 2867 1272 2908 dilute
1318 2867 1586 2916 flavescens,
1635 2870 1838 2907 ceterum

219 2932 418 2982 decolor,
454 2947 545 2974 non
567 2935 836 2987 inspersum,
861 2938 1010 2974 strato
1033 2934 1253 2988 amorpho
1277 2937 1320 2985 (8
1343 2935 1388 2988 μ)
1412 2933 1622 2976 decolore
1644 2937 1835 2975 tectum.
