1882 3190
54 93 234 130 LYNGE,
268 91 709 121 PSEUDOPARMELIA
740 89 851 118 GEN.
886 87 995 117 NOV.
1029 87 1131 116 UND
1162 86 1409 116 PARMELIA
1442 85 1551 115 ΑΘΗ.
1623 77 1674 115 39

53 193 267 246 elongati,
310 196 418 232 4——5
464 204 548 232 cm.
581 190 716 243 longi,
754 191 916 230 10—12
947 201 1054 228 mm.
1088 186 1185 234 lati,
1219 186 1675 227 recurvato-adscen-

53 259 214 300 dentes
246 259 316 299 vel
348 259 407 299 ad
442 257 750 311 peripheriam
780 256 881 297 laxe
912 254 1132 308 adpressi‚
1166 254 1409 302 imbricati,
1445 253 1672 301 undulati,

53 326 295 368 rotundati
326 332 372 367 et
402 324 785 366 sinuato-crenati
815 322 888 364 vel
920 322 1065 362 rarius
1096 321 1365 373 subintegri‚
1393 321 1548 367 ciliatz',
1572 320 1674 361 cilia

23 439 28 446 ,
58 397 164 434 1-3
194 397 255 446 (4)
288 406 394 433 mm.
413 392 563 445 longa,
583 391 780 432 indivisa
798 389 871 431 vel
888 390 1035 430 rarius
1053 388 1247 430 furcata.
1281 387 1466 428 Thallus
1485 387 1673 434 nitidus

53 461 242 502 sorediis
263 465 311 501 et
332 459 476 501 isidiis
497 459 766 506 destitutus
786 462 943 498 cortex
962 457 1224 496 continuus.
1257 455 1390 495 Color
1410 455 1586 496 albidus
1603 454 1676 495 vel

51 528 505 575 albido-cinerascens‚
524 527 689 567 subtus
711 526 851 578 niger,
871 523 927 564 ad
950 523 1179 564 ambitum
1201 521 1393 563 obscure
1415 528 1673 570 castaneus,

52 595 242 644 nitidus,
262 595 408 635 rarius
428 594 627 648 pallidus
650 592 882 644 (albidus).
915 590 1088 632 Subtus
1110 604 1193 644 pro
1215 594 1347 644 parte
1369 589 1675 630 fasciculatim

52 662 320 711 rhizinosus,
352 675 437 715 pro
468 666 601 715 parte
632 660 798 708 nudus,
830 659 890 700 ad
920 659 1170 711 marginem
1192 671 1372 710 semper
1393 657 1486 697 late
1508 657 1673 698 nudus.

164 729 333 772 Cortex
374 730 580 783 superior
615 731 791 776 16-20,
824 726 931 767 dein
963 729 1129 766 20—24
1161 740 1189 777 μ.
1219 724 1357 774 altus,
1390 724 1573 765 decolor
1603 725 1675 765 vel

51 798 98 838 in
129 797 459 838 flavescentem
491 810 696 850 vergens,
731 794 913 849 hyphae
944 794 1126 834 corticis
1155 792 1413 846 adspersae,
1436 791 1675 833 indistinc-

51 870 140 914 tae,
188 878 279 905 non
326 878 504 905 crassae
548 867 675 917 (4—-5
713 864 774 916 μ),
805 860 1224 916 perpendiculares,
1256 864 1382 900 arcte
1414 861 1672 913 contiguae.

51 931 254 973 Medulla
285 931 404 980 alba,
439 934 633 973 90—170
655 945 683 979 μ
713 929 822 977 alta,
857 927 1040 982 hyphae
1071 932 1143 968 sat
1175 927 1315 968 dense
1346 932 1605 976 contextae,
1630 935 1666 974 ss

50 998 311 1053 adspersae,
345 1003 455 1039 3—4
487 1013 514 1052 μ
545 1012 738 1039 crassae.
791 996 958 1037 Cortex
989 995 1176 1036 inferior
1202 998 1376 1043 13—]6‚
1400 994 1504 1035 dein
1533 1008 1675 1047 usque

51 1069 104 1106 22
137 1081 165 1119 μ.
195 1066 331 1115 altus,
366 1067 594 1119 nigricans
627 1065 698 1105 vel
728 1063 1104 1116 fusconigricans.

164 1133 423 1187 Apothecia
453 1132 672 1187 dispersa,
701 1145 863 1185 maqna
885 1130 1041 1181 (diam.
1065 1143 1211 1184 usque
1234 1133 1287 1170 20
1308 1130 1449 1181 mm.),
1473 1129 1676 1170 breviter

49 1200 338 1255 pedicellata,
372 1214 464 1241 non
493 1200 742 1255 perforata,
776 1210 913 1252 saepe
943 1197 1161 1239 radiatim
1192 1202 1347 1251 rupta,
1375 1210 1580 1238 concava
1602 1198 1674 1238 vel

50 1268 155 1309 dein
202 1268 445 1322 subplana.
506 1268 665 1321 Margo
707 1267 873 1315 tenuis,
913 1265 1052 1319 vulgo
1082 1266 1319 1314 incurvus,
1352 1264 1576 1313 eciliatus,
1610 1265 1674 1315 (in

50 1336 237 1389 specim.
282 1336 410 1386 meis)
450 1336 641 1388 integer.
702 1333 1064 1387 Receptaculum
1098 1333 1301 1374 tenuiter
1331 1345 1563 1386 rugosum,
1597 1332 1675 1373 ob-

49 1402 192 1444 solete
208 1402 615 1457 albo-punctatum
633 1402 702 1444 vel
722 1401 1080 1450 albo-striatum,
1100 1400 1246 1442 thallo
1263 1400 1492 1450 concolor;
1516 1405 1675 1441 cortex

49 1470 329 1524 receptaculi
376 1474 542 1512 50—-80
574 1484 602 1524 μ
644 1470 781 1519 altus,
825 1483 880 1510 ex
914 1468 1084 1523 hyphis
1114 1467 1588 1522 perpendicularibus,
1630 1476 1665 1514 ᾖς

48 1536 292 1591 adspersis,
326 1538 489 1578 crassis
512 1539 678 1591 (usque
704 1540 752 1577 12
775 1535 836 1590 μ),
859 1535 1291 1590 pachydermaticis,
1315 1535 1526 1589 septatis‚
1549 1543 1675 1576 arcte

50 1605 293 1658 contiguis,
338 1604 578 1645 formatus.
640 1604 838 1646 Gonidia
868 1603 954 1647 sub
985 1603 1196 1657 excipulo
1226 1608 1273 1644 et
1304 1603 1420 1644 infra
1456 1601 1673 1644 corticem

51 1671 328 1726 receptaculi
374 1677 523 1713 strato
555 1673 776 1713 continuo
806 1671 996 1712 inclusa.
1058 1670 1335 1725 Excipulum
1368 1674 1420 1711 25
1454 1685 1480 1724 μ
1511 1670 1672 1719 altum,

48 1739 246 1789 decolor,
289 1754 345 1780 ex
388 1738 556 1794 hyphis
598 1739 733 1780 valde
770 1739 1009 1788 intricatiS,
1040 1738 1474 1793 pachydermaticis‚
1508 1738 1675 1779 forma-

49 1812 163 1848 tum.
224 1807 572 1862 Hypothecium
618 1811 670 1848 25
713 1822 741 1861 μ
780 1807 940 1857 altum,
978 1807 1160 1848 decolor
1197 1806 1270 1847 vel
1301 1806 1586 1855 subdecolor,
1620 1820 1675 1846 ex

49 1873 217 1928 hyphis
251 1883 287 1922 ss
324 1874 686 1916 horizontalibus
726 1874 991 1916 formatum.
1053 1874 1219 1916 Discus
1260 1873 1450 1922 nitidus,
1493 1873 1672 1922 badius,

47 1943 331 1997 epruinosus
404 1942 687 1997 Hymenium
746 1943 946 1991 varians,
1005 1946 1200 1984 65—100
1253 1956 1279 1996 μ.
1325 1941 1485 1989 altum,
1542 1946 1674 1995 parte

48 2010 284 2063 superiore
320 2009 573 2051 flavescens
604 2010 676 2051 vel
707 2010 1079 2059 rufoflavescens,
1114 2015 1318 2051 ceterum
1348 2008 1546 2057 decolor,
1582 2022 1673 2049 non

48 2077 319 2130 inspersum.
349 2077 639 2131 Paraphyses
656 2077 904 2131 gelatinam
921 2077 1103 2119 firmam
1120 2083 1453 2132 percurrentes,
1474 2090 1673 2117 ramoso-

49 2157 284 2185 connexae
315 2144 388 2185 vel
418 2145 563 2186 rarius
594 2145 832 2195 indivisae,
867 2149 1092 2200 septatae,
1122 2146 1252 2199 apice
1280 2158 1372 2185 non
1396 2145 1673 2185 incrassatae

49 2211 122 2252 vel
154 2211 656 2254 clavato-incrassatae.
719 2213 822 2253 Asci
853 2218 1048 2266 anguste
1078 2212 1264 2262 clavati,
1299 2215 1465 2255 40—70
1498 2227 1523 2266 μ
1551 2211 1672 2265 longi

48 2284 96 2319 et
130 2282 293 2321 16-20
327 2293 352 2332 μ
395 2281 550 2329 crassi,
595 2280 863 2321 membrana
901 2281 1044 2330 tenui,
1074 2281 1203 2335 apice
1224 2281 1493 2327 incrassata,
1518 2279 1670 2328 cincti,
1716 2305 1720 2310 ·

48 2347 294 2400 octospori.
355 2346 526 2400 Sporae
556 2347 829 2389 biserialiter
857 2348 1123 2402 dispositae,
1148 2347 1452 2402 ellipsoideae,
1476 2352 1672 2400 anguste

49 2413 269 2454 limbatae
307 2416 474 2465 (l—l,5
509 2416 570 2468 μ),
608 2418 770 2457 12-16
804 2430 829 2469 μ.
860 2415 1024 2469 longae
1055 2421 1103 2457 et
1134 2420 1287 2466 6‚6—8
1327 2431 1354 2468 μ
1391 2428 1568 2456 crassae
1601 2414 1672 2455 vel

49 2481 95 2521 in
127 2481 275 2522 altero
306 2482 487 2535 specim.
526 2487 688 2524 16—20
721 2498 746 2536 μ
777 2483 940 2537 longae
971 2488 1018 2524 et
1053 2486 1214 2524 10—12
1247 2498 1274 2537 μ
1306 2496 1497 2524 crassae.

161 2548 499 2602 Conceptacula
515 2550 959 2603 pycnoconidiorum
978 2551 1202 2599 immersa,
1222 2549 1513 2603 subglobosa,
1532 2549 1670 2590 diam.

47 2619 215 2657 80—90
233 2630 274 2670 μ,
299 2616 612 2669 perifulcrium
634 2617 780 2659 dilute
801 2617 1074 2668 fuscescens,
1095 2619 1265 2659 circum
1290 2618 1508 2658 verticem
1530 2617 1670 2670 niger.

48 2682 214 2724 Fulcra
235 2683 611 2734 endobasidialia,
636 2684 813 2726 basidia
834 2686 1119 2734 tenuissima,
1143 2683 1670 2738 filiformi-ampullacea,

50 2754 188 2792 8—10
219 2764 247 2804 μ
285 2750 436 2804 longa,
474 2756 535 2799 l‚5
571 2765 599 2805 μ
630 2765 795 2793 crassa.
856 2752 1200 2807 Pycnoconidia
1231 2757 1371 2801 recta,
1405 2751 1670 2806 cylindrica,

49 2821 201 2866 5‚5-—7
237 2832 263 2871 μ
294 2817 430 2871 longa
461 2824 508 2859 et
539 2823 605 2868 O‚5
644 2833 669 2872 μ
701 2833 866 2861 crassa.

162 2884 322 2926 React.
356 2885 544 2926 Thallus
575 2885 710 2927 KOH
732 2892 868 2928 extus
890 2901 913 2927 e
935 2886 1060 2928 flavo
1082 2886 1354 2939 fulvescenS‚
1377 2887 1503 2928 intus
1524 2887 1671 2941 primo
