1882 3190
37 124 215 161 LYNGE,
249 123 686 152 PSEUDOPARMELIA
717 122 829 152 GEN.
862 121 974 150 Nov.
1010 121 1113 151 UND
1146 122 1393 151 PARMELIA
1426 122 1535 150 ΑΘΗ.
1607 114 1658 150 43

36 229 247 264 centrum
279 236 439 263 versus
470 223 908 269 areolam-rimosus,
942 229 1146 262 ceterum
1179 223 1427 263 continuus
1460 222 1531 262 vcl
1555 224 1660 262 irre-

37 290 270 344 gulariter,
304 289 538 331 subtiliter
569 289 825 330 rimulosus.
871 288 1058 329 Thallus
1087 288 1213 337 ciliis,
1238 290 1427 330 sorecliis
1449 294 1496 330 et
1518 288 1661 329 isidiis

37 357 307 406 destitutus,
339 357 505 398 subtus
536 357 595 398 ad
627 355 854 397 ambitum
887 355 978 396 late
1010 355 1176 404 nudus,
1211 361 1413 396 ceterum
1446 370 1583 410 parce
1615 361 1662 396 et

0 439 1 445 ¹
38 424 241 465 breviter
261 424 531 465 rhizinosus.
569 423 703 465 Color
724 422 1057 463 osseo-albidus
1080 422 1151 462 vel
1174 422 1658 476 albicio-glaucescenS‚

35 491 203 532 subtus
248 492 307 532 ad
353 492 578 533 ambitum
624 490 717 531 late
760 496 1016 539 castaneus,
1056 489 1247 538 nitidus,
1282 496 1486 531 ceterum
1518 492 1659 543 niger,

36 572 224 613 opacus.

148 625 317 667 Cortex
349 626 558 679 superior
594 628 756 668 13—20
785 640 811 678 μ
840 625 976 673 altus,
1010 623 1195 677 hyphac
1218 625 1400 665 corticis
1423 626 1660 666 indistinc-

35 696 125 741 tae,
161 692 699 746 subpachydermaticae,
734 692 983 732 constricte
1013 696 1241 744 septatae‚
1276 705 1495 741 ramosae,
1530 693 1660 733 lumi-

35 760 170 801 nibus
192 761 368 814 magnis
390 764 646 813 separatae.
685 758 886 800 Medulla
907 758 1026 806 alba,
1056 762 1273 801 100—175
1294 774 1320 812 μ
1342 758 1452 807 alta,
1476 759 1659 813 hyphae

35 827 309 868 medullares
357 831 510 876 2‚5»—3
553 830 615 880 (4)
650 842 675 880 μ,
707 840 900 875 crassae,
933 839 1069 879 parce
1101 830 1314 879 septatae
1344 831 1391 867 ct
1422 840 1558 879 parce
1591 841 1660 868 ra-

35 908 203 943 mosae,
250 908 412 948 parum
457 894 529 935 vel
573 908 664 935 non
696 894 956 948 adspersae.
1018 893 1185 935 Cortex
1216 893 1404 934 inferior
1437 898 1598 936 13—15
1634 909 1659 948 μ

32 961 171 1011 altus,
205 961 485 1015 fusco-niger
517 962 590 1002 vel
621 962 679 1002 ad
712 961 939 1002 ambitum
971 959 1181 1001 loborum
1212 960 1358 1001 dilute
1390 961 1558 1003 fuscus.

146 1029 404 1083 Apothecia
434 1029 572 1070 diam.
606 1043 753 1082 usque
789 1033 837 1069 14
868 1042 993 1077 mm.‚
1026 1027 1249 1082 dispersa,
1283 1042 1420 1082 saepe
1443 1029 1659 1069 radiatim

34 1100 187 1150 rupta,
220 1097 536 1151 imperforata‚
570 1097 773 1138 breviter
793 1095 1082 1150 pcdicellata.
1130 1095 1492 1150 Receptaculum
1515 1096 1659 1137 thallo

32 1164 261 1213 concolor,
304 1164 600 1218 laevigatum,
639 1163 823 1218 gonidia
854 1163 940 1204 sub
972 1163 1184 1217 excipulo
1215 1169 1262 1204 et
1293 1163 1411 1204 infra
1442 1164 1658 1204 corticem

31 1237 184 1273 strato
230 1233 451 1273 continuo
497 1232 687 1281 inclusa,
735 1237 891 1272 cortex
923 1231 1202 1285 receptaculi
1246 1230 1444 1279 decolor,
1492 1235 1659 1273 40-80

33 1314 62 1352 μ
92 1299 229 1349 altus,
263 1314 317 1340 ex
350 1299 518 1353 hyphis
549 1298 1024 1353 perpendicularibus,
1057 1299 1301 1353 contiguis,
1327 1298 1462 1339 valde
1484 1298 1656 1353 pachy-

30 1366 312 1415 dermaticis‚
347 1367 589 1408 formatus.
651 1366 811 1419 Margo
843 1366 1064 1407 thallinus
1096 1367 1263 1415 tenuis,
1299 1367 1474 1420 integer
1506 1366 1577 1407 vel
1613 1375 1649 1413 ὲ

30 1433 313 1483 crenulatus,
347 1435 646 1475 esorediatus.
699 1433 975 1488 Excipulum
1009 1434 1208 1482 decolor,
1246 1438 1408 1475 15—20
1435 1449 1462 1487 μ,
1493 1434 1656 1483 altum,

34 1501 304 1555 inspersum,
328 1502 414 1542 sub
438 1506 540 1542 toto
562 1501 840 1555 hypothecio
863 1506 910 1542 et
931 1501 990 1542 ad
1011 1501 1157 1542 latera
1179 1501 1383 1555 hymenii
1401 1501 1656 1550 evolutum,

33 1582 90 1608 ex
134 1568 303 1623 hyphis
349 1568 484 1609 valde
535 1569 777 1618 intricatis,
830 1568 1355 1623 subpachydermaticis,
1388 1569 1656 1610 formatum.

34 1635 384 1690 Hypothecium
440 1635 725 1685 subdeeolor,
778 1637 1052 1690 inspersum,
1105 1637 1318 1691 excipulo
1374 1642 1448 1678 sat
1497 1637 1656 1677 simile.

33 1703 198 1745 Discus
243 1704 392 1758 primo
437 1703 767 1758 cupuliformis,
814 1703 921 1745 dein
966 1719 990 1745 e
1035 1718 1241 1746 concavo
1286 1704 1466 1759 planus,
1513 1704 1658 1745 dilute

35 1770 214 1818 badius,
247 1772 536 1825 epruinosus.
598 1771 882 1826 Hymenium
913 1771 1079 1812 altum}
1117 1775 1338 1815 100—-130
1365 1787 1404 1825 μ,
1438 1772 1561 1813 valde
1591 1772 1657 1812 in-

34 1852 248 1891 spersum,
281 1852 480 1892 superne
512 1838 658 1880 dilute
688 1838 1111 1888 luteo-fusceseens,
1144 1844 1348 1880 ceterum
1371 1838 1658 1882 subdecolor.

35 1905 327 1960 Paraphyses
368 1906 618 1959 gelatinam
661 1906 844 1947 firmam
874 1911 1211 1960 percurrentes,
1244 1906 1496 1955 filiformes,
1529 1906 1659 1960 apice

34 1986 127 2014 non
158 1973 397 2023 dilatatae,
430 1987 521 2014 non
554 1973 804 2024 confertae,
828 1974 1032 2015 breviter
1051 1978 1099 2015 et
1119 1974 1415 2028 divergenter
1436 1987 1656 2023 ramosae,

34 2041 303 2083 indistincte
325 2046 552 2096 septatae.
593 2041 698 2083 Asci
722 2041 860 2096 vulgo
881 2042 1257 2092 inflato-clavati,
1281 2046 1448 2084 65—90
1473 2057 1498 2095 μ.
1520 2042 1657 2095 longi,

35 2111 86 2151 27
124 2123 152 2162 μ
188 2110 340 2158 crassi,
379 2109 648 2150 membrana
679 2109 894 2159 medocri,
919 2111 1047 2163 apice
1076 2111 1333 2151 incrassata
1359 2111 1513 2159 cincti,
1533 2115 1659 2150 octo-

33 2177 173 2230 spori.
236 2176 407 2230 Sporae
437 2176 713 2218 biserialiter
742 2176 1008 2231 dispositae,
1043 2177 1209 2218 obtuse
1234 2177 1541 2232 ellipsoideae‚
1566 2178 1659 2231 epi-

32 2244 187 2297 sporio
218 2257 371 2285 crasso
403 2245 597 2293 cinctae,
631 2247 796 2286 21—30
827 2259 855 2298 μ
885 2244 1049 2297 longae
1080 2249 1127 2285 et
1163 2248 1370 2294 10,5—-16
1403 2259 1430 2298 μ
1462 2258 1657 2285 crassae.

146 2311 486 2365 Conceptacula
540 2311 986 2367 pycnoconidiorum
1042 2313 1087 2353 in
1144 2313 1397 2366 marginem
1448 2312 1660 2353 loborum

33 2378 260 2428 immersa,
294 2392 551 2427 numerosa,
584 2378 896 2432 perifulcrium
919 2379 1111 2420 obscure
1133 2379 1328 2428 fuscum,
1352 2379 1499 2420 fulcra
1520 2379 1659 2420 endo—

33 2445 289 2494 basidialia,
315 2446 493 2487 basidia
515 2445 794 2500 ellipsoidea,
817 2451 927 2488 5-6
949 2462 977 2501 μ
995 2447 1131 2501 longa
1150 2452 1196 2488 et
1214 2451 1237 2487 2
1257 2461 1284 2501 μ
1301 2461 1466 2494 crassa,
1485 2460 1660 2501 pycno-

33 2513 217 2554 conidia
262 2518 403 2562 recta,
451 2513 598 2555 altero
643 2514 774 2567 apice
819 2514 1076 2555 incrassata
1117 2519 1162 2555 et
1206 2513 1474 2563 rotundata,
1513 2513 1660 2555 altero

33 2580 163 2634 apice
194 2585 346 2630 acuta,
381 2585 490 2622 5——6
525 2595 550 2634 μ
582 2580 732 2634 longa.

146 2647 307 2689 React.
339 2648 527 2690 Thallus
560 2648 695 2689 KOH
718 2662 912 2702 superne
935 2649 1205 2699 flavescens,
1229 2649 1336 2690 dein
1358 2662 1493 2702 saepe
1515 2648 1660 2689 ferru-

33 2715 194 2768 gineus
240 2715 312 2756 vel
359 2716 620 2764 rubescens,
666 2716 792 2757 intus
836 2730 1015 2771 semper
1056 2731 1080 2758 e
1111 2716 1238 2757 flavo
1269 2716 1555 2770 ferrugineus
1587 2716 1660 2757 vel

35 2781 297 2832 rubescens,
330 2782 534 2835 CaCl2O,
567 2787 702 2823 extus
734 2788 780 2824 et
813 2784 937 2825 intus
980 2785 1271 2826 immutatus.
1320 2783 1426 2824 Asci
1456 2783 1486 2823 J
1517 2784 1659 2837 persi-

34 2854 212 2890 stenter
242 2850 620 2899 caerulescenteS,
653 2850 939 2904 paraphyses
970 2856 1016 2892 et
1047 2851 1250 2905 gelatina
1282 2850 1488 2905 hymenii
1515 2851 1546 2892 J
1567 2865 1658 2892 non

35 2915 317 2959 colorantur.
