1882 3190
33 126 222 162 EKMAN,
244 125 328 154 DIE
346 116 532 154 GRKSER
546 124 636 153 DES
656 122 1094 152 BRASILIANISCHEN
1112 122 1317 150 summes
1335 107 1545 150 PARANA.
1623 111 1647 149 9

146 226 239 267 Das
286 224 533 278 Exemplar
576 224 736 278 gohbrb
782 237 860 265 zur
890 222 1045 275 subsp.
1079 222 1330 275 lealepensz's
1361 222 1518 262 HACK.
1553 235 1634 261 var

32 294 281 346 halepensis
312 292 469 333 HACK.
503 292 687 333 subvar.
719 291 940 343 qenuinus
971 290 1127 331 HACK.

146 403 271 447 Andr.
305 403 460 447 nutans
491 404 540 445 L.
574 427 625 431 —
657 402 876 452 HACKEL,
914 405 1032 451 1889,
1066 415 1109 455 p.
1144 405 1237 443 528.

147 483 200 524 In
246 483 558 537 altoplanitie:
606 481 758 537 Capao
796 481 992 530 Grande,
1042 481 1087 521 in
1118 494 1294 534 eampo,
1330 484 1395 521 20.
1430 483 1468 520 3.
1501 484 1568 527 04,
1604 493 1647 519 n.

33 554 156 600 42153
205 550 487 604 Itaperussi'i,
529 551 573 590 in
605 563 779 605 campo,
820 552 886 590 29.
921 552 958 589 2.
998 545 1071 597 12,
1094 549 1189 588 sine
1221 561 1360 596 num.;
1408 546 1647 600 Curityba,

33 619 80 660 in
124 618 354 659 fruticetis
400 617 736 671 subpaludosis,
785 621 851 658 20.
892 620 927 657 2.
967 620 1034 665 04,
1083 629 1126 656 n.
1166 618 1296 664 38263
1346 613 1554 661 Pinhaes,
1604 614 1649 654 in

34 699 212 740 campo,
261 690 299 728 7.
337 690 372 726 l.
405 689 473 732 09,
514 700 555 726 n.
591 690 718 735 7765;
766 683 992 732 Serrinha,
1041 683 1099 724 ad
1145 683 1396 736 marginem
1442 681 1648 730 silvulae,

34 757 99 796 22.
139 757 201 795 10.
234 757 302 802 08,
336 754 432 794 sine
463 766 603 802 num.;
652 752 833 801 ibidem,
878 753 923 792 in
955 764 1131 804 campo,
1177 754 1212 791 1.
1247 753 1284 790 2.
1323 752 1384 797 12,
1418 763 1462 789 n.
1500 752 1647 790 13715.

145 821 253 861 Dies
296 820 461 874 gehiirt
506 819 614 860 alles
658 833 738 860 zur
783 833 878 860 var.
925 818 1214 860 scaberrimus
1258 816 1417 857 HACK.
1460 816 1646 856 subvar.

33 888 256 941 elonyatzcs
286 888 444 929 HACK.
478 888 560 928 mit
592 886 856 928 Ausnahme
888 900 979 927 von
1011 899 1053 926 n.
1089 889 1212 934 7765,
1245 884 1318 925 die
1350 897 1430 924 zur
1462 883 1646 924 subvar.

32 956 189 997 Neesz'z'
219 955 375 997 HACK.
409 954 645 996 derselben
679 954 887 995 Varietat
918 953 1095 1008 gehbrt.

146 1066 272 1110 Andr.
305 1067 502 1110 Minarum
545 1066 714 1119 (NEES)
751 1066 948 1107 KUNTH.
980 1090 1034 1095 —
1065 1065 1287 1114 HAOKEL,
1324 1066 1443 1113 1889,
1477 1077 1520 1117 p.
1554 1066 1648 1103 535.

147 1146 199 1187 In
232 1147 541 1200 altoplanitie:
575 1143 727 1200 Capao
749 1145 947 1194 Grande,
971 1146 1017 1186 in
1039 1157 1217 1198 campo,
1242 1146 1280 1185 3.
1306 1148 1341 1185 3.
1365 1146 1432 1191 04,
1457 1155 1501 1182 n.
1526 1144 1649 1190 40:243

34 1212 217 1263 ibidem,
266 1215 312 1255 in
358 1228 533 1267 campo,
583 1218 621 1256 3.
654 1218 692 1257 2.
724 1218 792 1263 09,
825 1228 868 1254 n.
903 1216 1030 1263 7739;
1079 1215 1145 1253 23.
1179 1211 1363 1252 Turma.
1396 1210 1443 1250 in
1473 1222 1650 1262 campo,

40 1285 103 1322 14.
138 1286 175 1322 4.
208 1285 275 1330 09,
310 1295 352 1323 n.
388 1285 515 1331 7962;
563 1281 791 1331 Serrinha,
835 1282 882 1322 in
924 1293 1087 1334 campo
1124 1278 1183 1320 ad
1214 1278 1337 1319 viam
1369 1277 1577 1325 ferream,
1615 1280 1650 1316 1.

37 1351 75 1390 2.
114 1353 177 1398 12,
211 1363 253 1390 n.
292 1353 440 1391 13629.

149 1459 276 1505 Andr.
308 1460 487 1504 villosus
532 1461 701 1512 (NEES)
748 1461 946 1502 EKMAN.
978 1484 1032 1488 —
1062 1459 1283 1507 HACKEL‚
1334 1461 1454 1507 1889,
1493 1471 1538 1511 p.
1571 1461 1649 1498 581

36 1528 121 1570 sub
151 1543 274 1570 nom.
308 1529 446 1570 Andr.
480 1529 635 1570 Neesii
663 1528 862 1569 KUNTH.

149 1607 204 1648 In
234 1607 543 1661 altoplanitie:
597 1607 684 1648 Rio
715 1606 899 1660 Tibagssv,
932 1607 977 1647 in
1009 1619 1186 1660 campo,
1222 1608 1259 1647 7.
1297 1609 1332 1646 l.
1364 1608 1432 1653 04,
1465 1617 1510 1644 n.
1543 1606 1652 1654 3249
1718 1593 1724 1600 ⁸

37 1675 154 1727 [var.
185 1676 406 1728 qenuinus
450 1675 608 1716 HACK.
655 1674 838 1716 subvar.
886 1674 1101 1715 Gardneri
1140 1672 1418 1724 (ANDERSS.)
1452 1670 1650 1721 HA01<.];

37 1742 190 1797 Gapao
237 1742 435 1791 Grande,
483 1743 528 1782 in
573 1756 750 1796 eampO,
799 1744 863 1782 23.
898 1746 936 1782 3.
968 1745 1036 1790 04,
1070 1755 1111 1781 n.
1146 1743 1254 1783 4276
1288 1741 1403 1789 (var.
1434 1739 1654 1791 qenuinzcs

37 1810 195 1852 HAOK.
243 1810 426 1851 subvar.
460 1810 632 1863 typicus
662 1809 859 1860 HACK.);
909 1812 975 1850 23.
1008 1809 1192 1857 Turma,
1225 1809 1269 1848 in
1303 1820 1479 1860 eampo,
1517 1810 1579 1847 14.
1613 1809 1652 1845 4.

37 1882 105 1927 09,
139 1892 182 1919 n.
217 1881 326 1921 7970
355 1879 470 1929 (var.
503 1878 723 1929 qenuz‘nus
753 1876 910 1917 HAOK.
945 1876 1130 1917 subvar.
1164 1875 1427 1928 Zeiophyllus
1458 1874 1652 1923 HACK.).

152 1988 277 2032 Andr.
313 1987 578 2044 leptocladus
609 1989 767 2029 HAG-K.
800 2012 851 2017 —
884 1988 1105 2036 HACKEL,
1143 1991 1342 2049 18895p.
1376 1989 1471 2027 589.

152 2069 204 2109 In
236 2068 546 2123 altoplanitie:
594 2067 713 2108 Villa
744 2066 900 2116 Velha,
935 2068 979 2108 in
1013 2080 1175 2120 campo
1205 2066 1478 2120 graminosm
1516 2067 1578 2104 12.
1613 2066 1651 2103 3.

39 2141 107 2186 04,
140 2150 184 2177 n.
218 2140 341 2177 4085.

153 2204 238 2245 Die
280 2203 459 2258 Spezies
491 2204 550 2243 ist
582 2203 697 2255 jetzt
726 2216 808 2243 aus
839 2202 919 2243 der
949 2201 1079 2244 Serra
1110 2201 1314 2249 Itatiaia,
1350 2199 1528 2241 Paranzi
1561 2197 1656 2238 und

41 2271 281 2325 Paraguay
313 2271 534 2312 bekannt.

154 2370 281 2414 Andr.
316 2371 567 2414 bracteatus
597 2370 779 2412 VVILLD.
812 2395 864 2399 —
896 2370 1116 2418 HACKEL,
1154 2373 1274 2419 1889,
1306 2383 1350 2423 p.
1386 2371 1480 2409 643.

156 2450 210 2491 In
252 2450 564 2503 altoplanitie:
612 2449 732 2489 inter
774 2448 939 2502 Senges
970 2454 1017 2490 et
1047 2447 1191 2489 Fabio
1223 2448 1364 2501 Rege,
1398 2447 1444 2486 in
1476 2457 1655 2498 eampo,

50 2522 111 2558 11.
148 2521 211 2558 12.
250 2521 312 2563 10,
351 2531 394 2557 n.
432 2519 585 2564 10986;
632 2514 995 2570 Jaguariahyva,
1043 2516 1088 2556 in
1120 2529 1296 2568 eampo,
1348 2518 1410 2554 16.
1444 2518 1482 2553 4.
1520 2516 1578 2553 11.
1613 2525 1654 2551 n.

49 2589 200 2633 11616;
239 2584 380 2624 Porto
412 2583 666 2623 Amazonas
697 2582 756 2623 ad
787 2582 958 2624 flumen
991 2582 1196 2636 Iguassfi,
1230 2583 1274 2623 in
1307 2594 1483 2634 eampo,
1518 2582 1582 2619 20.
1618 2583 1655 2618 4.

49 2656 112 2701 10,
146 2665 189 2692 n.
223 2655 346 2692 9824.

158 2718 241 2759 Die
273 2718 482 2758 zitierten
512 2716 749 2757 Fundorte
780 2716 1035 2759 markieren
1066 2717 1139 2758 die
1169 2716 1428 2769 Siidgrenze
1450 2713 1529 2753 der
1551 2712 1657 2765 Spe-

45 2786 148 2827 zies.
211 2785 291 2826 Bei
338 2785 479 2825 Porto
524 2784 778 2824 Amazonas
825 2784 980 2825 wurde
1025 2798 1112 2824 nur
1157 2784 1228 2824 ein
1274 2782 1468 2834 einziger
1505 2779 1659 2819 Rasen

45 2852 356 2906 angetroffen3
400 2850 606 2892 nbrdlich
649 2864 740 2891 von
781 2850 1128 2905 Jaguariahyva
1166 2850 1341 2891 kommt
1374 2848 1446 2888 die
1478 2847 1658 2900 Spezies

47 2919 205 2972 haufig
236 2933 331 2959 vor.
