1882 3190
211 120 288 157 156
485 126 639 156 ARKIV
668 116 764 155 Fon
793 125 1027 156 BOTANIK.
1088 124 1222 154 BAND
1255 111 1321 154 13.
1380 123 1464 156 Nto
1495 111 1562 155 13.

208 232 413 269 scentem
450 240 663 280 vergens;
707 231 867 268 cortex
896 224 1179 280 receptaculi
1223 227 1388 267 25—55
1421 238 1449 279 μ
1479 223 1618 274 altus,
1650 222 1841 279 hyphae

209 296 391 337 corticis
422 299 649 349 septatae,
682 293 1224 349 subpachydermaticae‚
1256 291 1629 334 interluminibus
1659 291 1843 346 conspi-

209 364 305 404 cuis
349 367 608 417 separatae.
670 362 870 404 Gonidia
915 362 1002 403 sub
1034 359 1247 415 excipulo
1277 361 1326 402 in
1355 363 1507 401 strato
1539 360 1761 401 continuo
1792 362 1840 400 et

208 432 255 472 in
300 435 403 472 tota
448 430 650 472 medulla
681 430 889 485 dispersa
920 429 1238 471 inveniuntur.
1299 426 1581 482 Excipulum
1611 429 1778 470 25—30
1811 440 1840 480 μ.

209 499 371 548 altum,
415 499 503 540 sub
546 503 649 540 toto
678 498 963 553 hypothecio
994 502 1041 538 et
1072 495 1131 538 ad
1162 496 1312 537 latera
1342 494 1549 550 hymenii
1580 493 1839 544 evolutum,

210 567 289 617 ubi
320 567 367 608 in
398 567 618 608 corticem
647 565 929 621 receptaculi
960 565 1205 613 transiens,
1237 577 1294 605 ex
1317 562 1486 618 hyphis
1507 561 1844 618 pachyderma-

210 635 329 684 ticis,
376 634 519 683 dense
563 635 808 684 intricatis,
841 634 1110 674 formatum.
1171 630 1526 686 Hypothecium
1555 629 1754 677 decolor,
1787 631 1841 670 33

210 706 322 744 —50
355 717 381 756 μ
411 702 573 751 altum,
619 716 676 744 ex
719 701 888 756 hyphis
918 700 1066 742 laxius
1098 699 1344 749 intricatis,
1383 707 1422 747 ὲ
1461 696 1844 746 horizontalibus,

210 769 480 811 formatum.
555 769 721 810 Discus
776 768 1055 817 rufofusous‚
1102 767 1382 821 subopacus,
1433 779 1526 807 non
1576 765 1842 820 pruinosus.

213 838 496 892 Hymenium
526 838 573 878 in
601 842 738 893 parte
768 837 1003 891 superiore
1034 833 1456 877 umbrino-fuscum
1477 837 1525 875 et
1544 832 1844 888 pulveraceo-

212 906 486 959 inspersum,
533 910 739 946 ceterum
783 903 984 952 decolor,
1031 916 1124 944 non
1168 902 1445 956 inspersum,
1494 902 1585 954 (60)
1616 904 1782 944 70-90
1816 915 1843 955 μ.

212 973 374 1014 altum.
455 971 748 1027 Paraphyses
803 971 1055 1026 gelatinam
1105 969 1290 1011 firmam
1337 973 1677 1025 percurrentes,
1728 967 1846 1009 indi·
1881 953 1882 994 5

212 1041 427 1090 stinctae,
478 1040 730 1090 filiformes,
782 1040 912 1093 apice
967 1038 1134 1080 leviter
1182 1037 1690 1085 clavato-incrassatae,
1740 1049 1848 1077 con-

213 1110 376 1151 stricte
406 1113 634 1163 septatae,
666 1108 895 1149 indivisae
936 1106 1009 1148 vel
1038 1120 1179 1160 parce
1210 1119 1434 1147 ramosae.
1485 1104 1593 1146 Asci
1623 1103 1845 1158 oblongo-

213 1176 402 1226 clavati,
447 1176 718 1218 membrana
763 1176 906 1224 tenui,
954 1174 1084 1229 apice
1129 1174 1403 1223 incrassata,
1450 1173 1604 1215 cincti.
1673 1171 1846 1226 Sporae

216 1244 355 1299 vulgo
387 1243 693 1286 uniserialiter
726 1243 993 1298 dispositae,
1030 1246 1227 1296 anguste
1255 1241 1493 1291 limbatae,
1525 1239 1847 1295 subglobosae,

214 1313 353 1355 diam.
386 1316 496 1353 5—8
530 1326 571 1366 μ,
603 1311 678 1352 vel
722 1311 816 1352 late
861 1309 1168 1364 ellipsoideae,
1201 1313 1312 1351 5—-8
1344 1323 1373 1364 μ.
1402 1308 1566 1363 longae
1597 1313 1644 1350 et
1675 1311 1785 1349 4—6
1818 1321 1848 1361 μ.

215 1394 410 1429 crassae,
442 1379 674 1421 rotundae
705 1379 777 1420 vel
807 1383 974 1419 mutua
1003 1378 1239 1433 pressione
1270 1376 1538 1431 angulosae.

326 1446 668 1501 Conceptacula
697 1445 1145 1501 pycnoconidiorum
1177 1449 1251 1486 sat
1281 1458 1400 1495 rara,
1432 1444 1480 1486 in
1510 1443 1700 1485 lacinias
1728 1455 1849 1483 mar-

215 1515 388 1570 ginales
419 1516 646 1564 immersa,
679 1513 881 1568 globosa,
915 1513 1055 1555 diam.
1088 1515 1309 1555 100-120
1333 1527 1381 1564 μ;
1413 1511 1729 1567 perifulcrium
1748 1509 1849 1565 pal-

213 1583 381 1634 lidum;
414 1582 562 1624 fulcra
592 1581 973 1631 endobasidialia,
1007 1580 1187 1623 basidia
1217 1579 1488 1635 cylindfica,
1512 1582 1622 1622 7—-9
1647 1592 1674 1632 μ
1694 1577 1849 1632 longa,

216 1654 366 1700 2-2,5
404 1666 430 1705 μ.
469 1664 640 1699 crassa3
689 1649 1031 1704 pycnoconidia
1076 1653 1206 1690 recta
1250 1647 1324 1690 vel
1369 1647 1601 1696 subrecta,
1649 1650 1848 1700 anguste

216 1717 540 1768 bifusiformia‚
575 1721 712 1758 6—10
746 1732 772 1771 μ
802 1717 953 1771 longa,
991 1721 1009 1758 l
1048 1731 1074 1771 μ,
1106 1729 1275 1757 crassa.

331 1786 495 1827 React.
555 1784 746 1826 Thallus
791 1783 928 1826 KOH
973 1789 1110 1826 extus
1155 1788 1202 1825 et
1234 1785 1361 1825 intus
1392 1781 1620 1832 flavescit,
1653 1779 1850 1832 CaCl2O2

216 1859 352 1897 extus
398 1855 477 1895 vix
522 1853 725 1901 lutescit,
772 1854 893 1894 intus
936 1852 1243 1895 aurantiacus.
1304 1850 1589 1906 Hymenium
1632 1848 1662 1891 J
1693 1862 1852 1890 caeru-

217 1923 408 1965 lescens.

330 1990 555 2033 Brasiliae
599 1989 728 2030 civit.
767 1989 855 2029 Rio
892 1988 948 2031 de
984 1988 1195 2031 Janeiro:
1243 1985 1513 2030 Corcovado
1548 1990 1613 2027 14.
1647 1989 1686 2026 8.
1723 1987 1848 2033 1892,

217 2073 292 2101 no.
325 2063 398 2108 61;
436 2061 499 2098 15.
530 2060 568 2098 8.
602 2059 723 2105 1892,
756 2070 830 2097 no.
865 2060 915 2097 91
946 2061 993 2098 et
1023 2059 1090 2098 92.
1137 2055 1292 2097 Matto
1323 2054 1514 2096 Grosso:
1547 2052 1692 2095 Santa
1714 2051 1851 2093 Anna

219 2127 280 2168 da
324 2124 546 2180 Chapada
575 2125 623 2165 in
653 2123 771 2165 silva
802 2120 952 2165 minus
983 2124 1141 2174 densa,
1177 2127 1243 2165 19.
1275 2126 1315 2164 2.
1352 2125 1473 2170 1894,
1505 2135 1582 2163 no.
1615 2123 1747 2170 23663
1781 2122 1850 2160 25.

222 2199 260 2236 2.
304 2198 426 2243 1894,
466 2206 538 2234 no.
574 2195 703 2241 241&
752 2195 819 2235 27.
854 2196 891 2233 2.
940 2196 1062 2241 1894,
1106 2205 1181 2233 no.
1230 2190 1418 2240 2435B;
1465 2193 1504 2233 7.
1537 2192 1580 2231 3.
1613 2191 1735 2238 1894,
1774 2200 1848 2229 no.

221 2266 330 2304 2519
341 2277 350 2312 ;
385 2260 518 2303 Serra
548 2259 608 2300 da
639 2258 758 2300 Guia
788 2273 856 2314 pr.
889 2259 1095 2314 Cuyaba,
1129 2258 1189 2301 ad
1220 2258 1421 2308 arbores,
1454 2257 1556 2298 loco
1578 2261 1682 2298 sata
1703 2254 1847 2309 prico,

224 2333 288 2372 12.
322 2333 360 2370 5.
398 2331 518 2376 1894,
559 2339 632 2368 no,
667 2329 797 2376 2642;
831 2324 1006 2381 Coxipc')
1027 2326 1180 2367 Mirim
1202 2339 1270 2380 pr.
1293 2324 1501 2378 Cuyaba,
1524 2324 1572 2365 in
1597 2322 1868 2376 »restingaw

222 2398 372 2439 minus
404 2396 560 2443 densa,
598 2398 632 2436 1.
667 2397 705 2435 6.
743 2397 862 2443 1894,
895 2408 970 2435 no.
1005 2397 1135 2445 2742;
1169 2393 1304 2436 Serra
1331 2392 1392 2434 da
1421 2390 1657 2446 Chapada,
1681 2389 1850 2442 Buriti,

221 2466 269 2507 in
305 2464 423 2506 silva
454 2464 607 2504 minus
638 2461 796 2511 densa,
845 2466 907 2503 16.
942 2466 980 2504 6.
1018 2465 1123 2503 1894
1155 2466 1203 2503 et
1237 2465 1301 2502 18.
1335 2464 1374 2502 6.
1411 2463 1533 2503 1894.
1565 2483 1620 2487 -
1649 2457 1723 2499 Ad
1753 2470 1851 2498 cor-

225 2534 380 2574 ticem.

336 2599 462 2641 Icon.
496 2597 609 2639 Tab.
644 2601 683 2646 4,
716 2596 794 2650 fig.
828 2600 866 2637 6.

335 2667 390 2708 In
436 2653 577 2708 Etude
606 2663 634 2705 l.
667 2678 705 2705 c.
739 2663 821 2705 hat
858 2663 1055 2706 WAtho
1093 2665 1194 2705 eine
1234 2677 1351 2704 neue
1389 2662 1476 2704 Art
1506 2660 1735 2704 Parmelia
1764 2657 1852 2712 sla-

224 2734 481 2788 vidoqlauca
526 2730 840 2780 beschrieben,
879 2731 951 2772 die
983 2731 1104 2773 nach
1134 2731 1332 2773 WAINIO
1362 2729 1502 2771 Me'm.
1534 2727 1668 2770 Herb.
1701 2727 1849 2769 Boiss.

227 2806 348 2851 1900,
397 2814 472 2842 no.
506 2804 544 2850 5,
578 2813 621 2854 p.
655 2801 694 2847 3,
733 2798 879 2839 durch
915 2799 1015 2840 eine
1063 2797 1288 2840 »medulla
1317 2792 1512 2849 CaCl'2O²
1543 2795 1846 2837 aurantiaca»

226 2884 320 2911 von
351 2868 578 2910 Parmelia
615 2866 786 2908 Uleana
816 2865 1116 2907 verschieden
1147 2867 1243 2907 sein
1274 2864 1372 2915 soll,
1404 2864 1598 2906 letztere
1625 2861 1710 2904 soll
1737 2874 1854 2902 »me-

225 2937 351 2979 dulla
382 2936 574 2990 CaCl2O2
607 2937 734 2978 intus
760 2935 989 2976 levissime
1011 2934 1265 2976 lutescens»
1289 2934 1402 2975 sein.
1447 2932 1854 2974 ZAHLBRUOKNER
