1882 3190
51 158 228 195 LYNGE,
263 154 701 186 PSEUDOPARMELIA
732 153 843 182 GEN.
878 152 989 181 NOV.
1025 151 1128 180 UND
1161 151 1407 180 PARMELIA
1442 151 1550 180 ACH.
1614 144 1667 180 55

52 257 295 299 rotundati
317 259 364 296 et
381 268 516 308 saepe
533 254 737 302 dilatati;
753 252 813 294 ad
829 252 1080 305 marginem
1098 265 1289 291 recurvo
1316 251 1666 299 adscendentes,

51 325 172 367 ciliis
217 324 370 376 niqris,
419 321 642 373 flexuosis,
690 320 899 362 indivisis
943 319 1007 360 vel
1047 319 1195 359 rarius
1238 319 1426 360 increbre
1463 320 1667 367 ramosis,

51 394 160 433 2-3
189 404 292 431 mm.
339 389 494 440 lonqis,
540 389 670 430 dense
716 387 930 429 instructi.
991 385 1179 426 Thallus
1216 385 1380 426 leviter
1411 385 1667 439 rugulosus,

51 457 331 505 subnitidus,
375 455 518 496 isidiis
555 461 601 496 et
632 455 820 497 sorediis
850 453 1118 501 destitutus,
1152 453 1400 493 continuus
1432 453 1503 493 vel
1536 466 1669 506 parce

51 531 98 567 et
129 524 438 577 irregulariter
468 527 646 576 ruptus,
680 522 845 563 subtus
876 520 936 561 ad
966 520 1219 573 marginem
1251 520 1343 561 late
1375 520 1539 568 nudus,
1569 533 1670 560 cen-

51 598 176 634 trum
209 604 368 632 versus
400 590 584 631 rhizinis
607 590 746 643 nigris
772 602 908 643 parce
930 589 1141 628 vestitus.
1189 586 1322 628 Color
1343 587 1668 640 glaucescenti-

51 661 255 702 cinereus
278 657 350 699 vel
371 657 566 706 albidus,
590 658 742 699 subtus
761 656 876 697 albo-
898 660 934 696 et
951 655 1344 707 nimo-varieqatus
1361 656 1372 704 (
1381 656 1550 695 circum
1569 668 1671 696 cen-

51 732 175 768 trum
223 727 361 778 niger,
408 724 715 778 peripheriam
759 736 916 764 versus
946 721 1092 770 albus,
1126 721 1359 762 interdum
1391 724 1668 772 castaneus),

51 792 329 835 subnitidus.

163 860 332 902 Cortex
383 860 589 913 superior
634 862 799 899 25—30
844 872 872 911 μ
917 856 1053 905 altus,
1100 855 1437 910 impellucidus,
1485 855 1669 909 hyphae

51 929 234 970 corticis
278 927 730 981 pachydermaticae,
777 929 908 979 parte
950 924 1176 965 exteriore
1213 937 1434 972 ramosae,
1468 924 1672 964 ramulae

50 995 466 1050 perpendiculares,
505 994 761 1047 contiguae,
794 992 940 1034 dilute
970 991 1263 1040 lutescenteS,
1296 996 1428 1045 parte
1458 992 1672 1032 interiore

48 1062 297 1110 decolores,
345 1063 496 1102 minus
538 1061 796 1114 contiguae.
856 1058 1056 1100 Medulla
1098 1062 1316 1100 llo—160
1349 1072 1376 1111 μ
1407 1058 1517 1107 alta,
1550 1058 1670 1107 alba,

51 1129 236 1184 hyphae
281 1129 555 1170 medullares
600 1132 673 1169 sat
713 1141 890 1169 crassae
921 1128 1051 1178 (3-6
1094 1127 1155 1180 μ),
1197 1134 1234 1174 ss
1274 1126 1532 1180 adspersae,
1571 1125 1673 1166 laxe

50 1202 313 1239 contextae.
375 1197 544 1238 Cortex
587 1196 773 1236 inferior
820 1197 980 1236 15—22
1012 1208 1040 1248 μ
1076 1194 1212 1243 altus,
1246 1194 1372 1247 niger
1404 1193 1476 1234 vel
1508 1193 1673 1234 subde-

51 1265 187 1314 color,
222 1264 405 1318 hyphae
434 1264 891 1318 pachydermaticae:
924 1261 1158 1303 decolores
1190 1261 1593 1315 perpendiculares
1625 1266 1670 1302 et

53 1336 180 1373 arcte
208 1332 466 1386 contiguae,
490 1332 561 1372 vel
584 1331 805 1372 obscurae
826 1335 873 1371 et
894 1329 1144 1371 luminibus
1162 1329 1395 1370 distinctis
1413 1334 1669 1382 separatae.

164 1398 420 1453 Apothecia
469 1411 728 1447 numerosa,
782 1400 917 1438 5—12
967 1410 1073 1438 mm.
1124 1396 1280 1446 diam.,
1329 1396 1544 1445 breviter,
1592 1395 1670 1436 sed

49 1466 269 1508 distincte
314 1465 602 1519 pedicellata,
650 1479 739 1506 non
787 1465 1035 1520 perforata,
1083 1465 1232 1518 primo
1274 1463 1524 1512 urceolata,
1566 1463 1672 1504 dein

50 1547 257 1575 concava
288 1533 361 1574 vel
381 1533 623 1586 subplana.
671 1533 827 1587 Margo
849 1532 1125 1581 crenulatus,
1151 1531 1265 1573 bene
1287 1531 1502 1581 inflexus,
1527 1530 1672 1572 thallo

49 1601 275 1649 concolor,
299 1601 420 1642 ciliis
440 1601 595 1653 Zonqis,
619 1601 773 1653 niqris,
792 1600 1003 1653 flexuosis
1020 1601 1272 1641 instructas.
1306 1599 1670 1653 Receptaculum

49 1682 280 1721 rugosum,
328 1667 474 1709 thallo
519 1668 744 1717 concolor,
793 1672 951 1709 cortex
993 1667 1274 1722 receptaculi
1317 1671 1483 1708 50—60
1520 1666 1609 1717 (80)
1644 1681 1672 1720 μ

49 1735 185 1785 altus,
233 1740 367 1778 extus
412 1735 576 1776 leviter
620 1735 962 1784 obscurascens,
1008 1739 1211 1777 ceterum
1253 1734 1451 1784 decolor,
1485 1733 1670 1787 hyphae

49 1803 231 1845 corticis
258 1802 674 1857 perpendiculares,
698 1801 1144 1856 pachydermaticae‚
1175 1800 1545 1843 interluminibus
1570 1814 1671 1855 par—

51 1872 120 1912 vis
176 1876 431 1925 separatae.
504 1871 705 1925 Hyphae
759 1870 1030 1912 medullares
1085 1870 1435 1926 apotheciorum
1493 1883 1672 1923 semper

48 1938 308 1993 adspersae.
361 1939 558 1980 Gonidia
589 1939 674 1980 sub
705 1939 918 1993 excipulo
944 1944 992 1980 et
1012 1939 1132 1980 infra
1154 1939 1371 1980 corticem
1393 1936 1671 1992 receptaculi

48 2008 96 2047 in
141 2011 291 2048 strato
334 2007 553 2060 contiguo
590 2006 828 2060 disposita.
902 2006 1179 2061 Excipulum
1228 2009 1392 2047 20—25
1439 2020 1467 2058 μ
1508 2005 1668 2054 altum,

48 2072 246 2122 decolor,
306 2087 362 2114 ex
418 2073 586 2127 hyphis
633 2073 1068 2128 pachydermaticis,
1119 2074 1349 2115 intricatis
1399 2073 1669 2121 formatum;

48 2140 382 2194 hypothecium
413 2140 697 2190 subdecolor,
732 2144 896 2183 20—25
929 2157 957 2195 μ
986 2141 1149 2191 altum,
1182 2156 1237 2182 ex
1271 2140 1438 2195 hyphis
1476 2150 1513 2188 ss
1552 2140 1679 2198 hori-³

48 2207 309 2249 zontalibus
354 2208 621 2257 formatum,
670 2209 880 2263 excipulo
926 2214 999 2250 sat
1043 2209 1202 2250 simile.
1282 2209 1447 2250 Discus
1490 2208 1668 2257 badius,

49 2289 235 2328 opacus,
268 2276 557 2329 epruinosus.
618 2275 901 2330 Hymenium
931 2280 1126 2318 80—100
1158 2276 1325 2327 (rarius
1353 2289 1498 2329 usque
1524 2278 1602 2316 120
1624 2276 1668 2329 μ)

50 2341 212 2391 altum,
260 2355 456 2395 superne
501 2342 645 2383 dilute
691 2342 962 2393 flavescens,
1007 2347 1212 2385 ceterum
1251 2343 1448 2392 decolor,
1481 2356 1574 2383 non
1605 2344 1670 2384 in—

48 2422 269 2463 spersum,
320 2413 472 2450 strato
522 2409 746 2463 amorpho
794 2410 1069 2465 pulveraceo
1115 2415 1306 2452 tectum.
1379 2409 1670 2464 Paraphyses

47 2476 296 2531 gelatinam
327 2476 510 2518 firmam
540 2483 872 2530 percurrentes,
895 2478 1133 2520 filiformes
1155 2478 1228 2519 vel
1249 2478 1481 2519 interdum
1504 2491 1668 2531 parum

51 2544 298 2585 crassiores
330 2546 499 2594 (l—l,5
536 2559 563 2597 μ
594 2546 806 2596 crassae),
839 2559 931 2587 non
962 2546 1212 2595 confertae,
1247 2545 1456 2599 guttulas
1493 2544 1669 2587 oleosas

49 2625 184 2665 saepe
216 2612 522 2661 continentes,
556 2611 781 2666 longiores
810 2613 869 2654 ad
900 2614 1077 2667 apicem
1101 2613 1266 2655 leviter
1292 2613 1670 2654 clavato-incras-

49 2683 190 2728 satae,
236 2679 440 2720 increbre
482 2693 932 2730 ramoso-connexae,
966 2686 1192 2735 septatae.
1245 2681 1349 2721 Asci
1380 2680 1566 2734 oblongi
1596 2680 1670 2722 vel

50 2745 424 2795 clavato-inflati,
470 2751 636 2788 55-—80
680 2761 708 2800 μ
749 2747 886 2801 longi,
935 2752 1100 2791 26—30
1141 2763 1169 2802 μ
1209 2749 1362 2797 crassi,
1402 2747 1666 2789 membrana

54 2813 283 2863 mediocri,
328 2815 456 2867 apice
499 2815 753 2856 incrassata
784 2816 938 2865 cincti,
976 2816 1220 2870 octospori.
1283 2815 1453 2870 Sporae
1485 2822 1667 2866 ovatae,

51 2885 125 2921 sat
169 2879 262 2921 late
308 2880 540 2931 limbatae,
589 2882 797 2931 obtusae,
850 2887 1096 2932 18,5—25,5
1134 2898 1159 2937 μ
1190 2883 1366 2937 longae,
1403 2887 1609 2933 10,5—]6
1641 2898 1669 2937 μ

51 2960 246 2988 crassae.
