1882 3190
80 107 259 145 LYNGE,
293 107 736 137 PSEUDOPARMELIA
766 107 879 138 GEN.
902 106 1014 136 Nov.
1042 106 1145 135 UND
1178 106 1423 136 PARMELIA
1456 106 1566 135 Acir.
1622 97 1698 134 139

499 298 618 340 Sect.
651 296 1087 350 Xanthoparmelia
1119 296 1276 338 WAIN.

647 398 948 441 *Endoleuca
978 397 1137 439 VVAIN.

500 503 567 543 67.
628 499 872 542 Parmelia
904 499 1104 540 minima
1135 513 1179 539 n.
1213 512 1280 552 sp.

195 612 381 654 Thallus
413 627 592 666 parvus,
626 617 734 653 4—5
758 625 844 653 cm.
868 611 1005 659 latus,
1035 611 1297 666 adpressus,
1328 612 1490 661 mollis,
1514 612 1702 667 fragilis.

77 679 292 721 Laciniae
322 686 558 732 anqustae:
602 684 754 730 O,5—l
789 693 895 720 mm.
930 678 1066 728 latae,
1097 679 1266 734 planae
1298 680 1367 720 vel
1401 679 1565 721 leviter
1597 693 1702 721 con-

81 761 239 796 vexae,
285 748 423 789 crebre
465 754 502 789 et
533 748 722 789 iteratim
752 746 961 800 sufflatae,
994 746 1176 800 angulis
1207 748 1414 801 angustis
1445 754 1702 802 separatae,

81 814 308 855 discretae
339 815 411 855 vel
444 815 582 868 vulgo
613 815 860 856 continuae
891 819 938 855 et
969 814 1180 868 apicibus
1211 814 1433 864 furcatae,
1457 820 1704 856 truncatae

79 881 154 923 vel
200 884 527 936 emarginatae,
576 887 786 923 centrum
832 895 992 922 versus
1038 881 1343 931 confluentes,
1377 888 1579 923 crustam
1612 883 1704 924 fere

77 949 282 991 formant
327 955 373 991 et
418 950 524 992 dein
568 951 857 999 emorientes,
906 963 999 1003 qua
1029 950 1086 991 de
1117 963 1254 991 causa
1286 949 1457 991 thallus
1489 950 1702 993 habitum

78 1017 393 1071 centrifugum
436 1018 632 1059 obtinet.
694 1017 881 1059 Thallus
924 1017 1052 1067 ciliis,
1092 1017 1282 1058 sorediis
1314 1022 1360 1058 et
1391 1018 1534 1059 isidiis
1564 1018 1705 1059 desti-

82 1088 230 1135 tutus,
263 1085 536 1140 laevigatus,
570 1099 756 1140 opacus,
789 1086 1002 1134 rimosus;
1036 1085 1160 1126 color
1190 1085 1445 1127 flavescens
1476 1086 1548 1127 vel
1579 1085 1706 1127 albo-

81 1151 351 1203 flavescens,
400 1158 610 1195 centrum
656 1167 815 1195 versus
861 1153 1112 1202 obscurior,
1154 1154 1321 1195 subtus
1353 1154 1498 1207 niger;
1533 1154 1705 1195 thallus

80 1234 228 1274 usque
259 1221 318 1262 ad
350 1223 526 1276 apicem
558 1221 767 1263 loborum
797 1221 983 1262 rhizinis
1014 1221 1332 1263 concoloribus
1363 1223 1576 1264 vestitus,

191 1288 362 1330 Cortex
393 1291 600 1344 superior
624 1292 788 1331 18—25
812 1305 837 1342 μ
860 1289 996 1338 altus,
1026 1289 1212 1343 hyphae
1234 1289 1478 1344 adspersae
1500 1295 1547 1330 et
1569 1289 1705 1330 valde

79 1356 393 1404 indistinctae,
427 1362 501 1398 sat
531 1361 770 1411 angustae,
794 1362 945 1406 5—5,5
972 1371 1000 1410 μ
1031 1371 1224 1406 crassae,
1248 1358 1506 1411 contiguae,
1531 1357 1704 1406 crebre,

77 1425 331 1465 constricte
381 1428 606 1478 septatae.
667 1423 868 1466 Medulla
900 1428 1094 1466 80—130
1133 1439 1158 1478 μ
1189 1424 1300 1473 alta,
1342 1424 1533 1466 dimidia
1573 1429 1706 1479 parte

80 1492 316 1545 superiore
357 1492 479 1541 alba,
521 1492 713 1534 dimidia
759 1498 880 1546 parte
925 1491 1133 1544 inferiore
1178 1492 1427 1545 serruqinea
1471 1493 1536 1534 vel
1564 1492 1706 1544 susco-

78 1572 240 1601 crocea.
302 1560 470 1601 Cortex
516 1560 706 1601 inferior
743 1561 870 1615 niger
900 1559 972 1600 vel
1004 1559 1279 1614 fusconiger,
1316 1563 1479 1601 13—20
1512 1575 1538 1614 μ
1567 1560 1704 1601 altus.

191 1626 450 1681 Apothecia
501 1641 760 1677 numerosa,
815 1627 1032 1677 rotunda,
1080 1628 1269 1677 sessilia,
1315 1642 1407 1669 non
1453 1628 1704 1682 perforata.

81 1693 240 1748 Margo
271 1708 466 1744 crassus,
499 1709 654 1749 grosse
685 1699 899 1737 crenatus
930 1699 976 1736 et
1006 1695 1137 1748 facile
1167 1696 1437 1737 sorediorum
1469 1697 1611 1738 instar
1640 1696 1707 1749 sa-

78 1762 254 1811 tiscens,
279 1776 416 1817 saepe
449 1763 793 1817 conceptaculis
823 1763 1266 1818 pycnoconidiorum
1299 1764 1608 1818 inconspicuis
1640 1764 1708 1804 in-

81 1834 304 1872 structus,
358 1830 723 1886 Receptaculum
747 1831 793 1872 in
816 1835 974 1872 centro
996 1831 1311 1880 obscuratum,
1335 1836 1539 1873 ceterum
1560 1831 1708 1872 thallo

78 1898 307 1948 concolor,
369 1903 529 1940 cortex
589 1898 866 1953 receptaculi
928 1899 1020 1940 fere
1076 1899 1704 1953 pseudoparenchymaticus,

81 1965 267 2020 hyphae
312 1967 496 2008 corticis
543 1966 959 2020 perpendiculares,
1006 1971 1133 2008 arcte
1164 1968 1423 2021 contiguae,
1457 1968 1708 2008 constricte

80 2038 308 2088 septatae,
342 2033 801 2088 pachydermaticae:
841 2038 950 2075 8—9
984 2049 1009 2088 μ
1041 2048 1235 2084 crassae,
1268 2034 1443 2075 lumina
1475 2034 1734 2076 cellularia·

82 2116 242 2157 parva.
305 2101 504 2143 Gonidia
548 2101 635 2143 sub
680 2101 893 2156 excipulo
938 2103 984 2143 in
1031 2107 1183 2143 strato
1215 2103 1436 2143 continuo
1466 2102 1708 2157 disposita,

82 2169 202 2210 infra
232 2173 414 2223 partem
447 2169 746 2224 marginalem
777 2169 1057 2224 receptaculi
1087 2183 1261 2224 sparsa,
1295 2175 1500 2211 ceterum
1521 2170 1707 2211 desunt.

79 2236 359 2291 Excipulum
392 2251 484 2278 una
515 2250 619 2278 cum
649 2237 930 2292 hypothecio
961 2237 1159 2287 decolor,
1194 2242 1245 2279 25
1270 2252 1295 2291 μ
1327 2237 1488 2278 altum.
1541 2237 1707 2278 Discus

66 2308 266 2360 ‘opacus
311 2304 503 2346 obscure
548 2304 823 2355 rufofuscus,
871 2319 964 2346 non
993 2307 1255 2360 pruinosus.
1316 2305 1599 2360 Hymenium
1630 2319 1705 2346 su-

80 2387 221 2428 perne
238 2373 432 2422 fuscum,
452 2378 656 2415 ceterum
677 2373 872 2423 decolor,
897 2388 988 2415 non
1011 2375 1282 2428 inspersum,
1306 2378 1473 2416 50—80
1497 2389 1523 2428 μ
1544 2373 1706 2415 altum.

82 2440 373 2495 Paraphyses
406 2441 545 2495 vulgo
579 2441 836 2496 (longiores,
855 2446 1085 2490 maturae)
1108 2443 1238 2496 apice
1256 2442 1711 2495 capitato-incrassa-

82 2514 171 2559 tae,
196 2508 538 2550 subconstricte
557 2513 783 2563 septatae,
802 2510 1048 2564 praecipue
1063 2510 1108 2550 in
1127 2514 1261 2564 parte
1277 2509 1493 2550 inferiore
1509 2522 1713 2550 ramoso-

81 2590 332 2618 connexae.
410 2576 514 2617 Asci
569 2576 756 2626 clavati,
816 2577 1086 2618 membrana
1141 2591 1339 2631 superne
1377 2586 1413 2625 ss
1453 2578 1711 2618 incrassata

81 2645 236 2694 cincti,
284 2645 531 2698 octospori,
579 2647 745 2686 40—42
779 2659 805 2698 μ
850 2644 987 2699 longi,
1039 2648 1201 2686 12—15
1234 2659 1262 2698 μ
1308 2645 1462 2687 crassi.
1539 2644 1711 2698 Sporae

80 2713 181 2753 uni·
228 2711 301 2753 vel
351 2711 626 2753 biserialiter
669 2711 935 2766 dispositae,
977 2711 1071 2753 late
1110 2711 1403 2766 ellipsoideae
1434 2712 1507 2753 vel
1539 2711 1711 2762 ovales,

80 2783 278 2834 anguste
308 2778 543 2827 limbatae,
580 2782 787 2829 lO—l3‚5
823 2793 851 2833 μ
881 2779 1058 2833 longae,
1092 2783 1242 2828 5—6,5
1278 2793 1306 2833 μ
1337 2793 1529 2820 crassae.

191 2846 534 2901 Conceptacula
575 2846 1021 2900 pycnoconidiorum
1065 2860 1322 2896 numerosa,
1355 2847 1402 2887 in
1433 2847 1611 2901 apicem
1642 2847 1706 2888 lo-

81 2914 246 2956 borum
286 2914 606 2968 marginalium
641 2915 867 2963 immersa,
899 2913 1193 2968 subglobosa,
1226 2914 1364 2955 diam.
1402 2918 1621 2957 120—140
1655 2929 1701 2968 μς
