1882 3190
54 91 230 128 LYNGE,
264 89 702 120 PSEUDOPARMELIA
732 88 843 118 GEN.
867 87 980 117 NOV.
1004 87 1107 116 UND
1139 87 1383 116 PARMELIA
1415 86 1524 116 Aen.
1590 79 1666 116 105

54 191 314 234 rubescens.
375 191 479 232 Asci
523 190 554 231 J
600 192 898 245 pcrsistenter
942 188 1318 237 caerulescent-es‚
1351 187 1555 242 gelatina
1588 187 1668 242 hy-

54 260 191 302 menii
222 262 268 300 et
297 258 582 313 paraphyscs
613 272 704 299 non
735 258 1014 299 colorantur.

165 327 428 379 Paraqaags:
472 326 736 380 Paraguari.
781 325 852 366 Ad
884 324 1094 365 arborem
1116 328 1189 365 sat
1211 323 1476 373 solitariam,
1502 325 1546 364 in
1570 324 1669 377 ripa

55 394 191 436 rivuli
222 394 387 448 campi.
450 396 487 434 2.
523 398 560 437 S.
599 397 717 443 1893,
751 406 824 434 no.
862 395 981 434 1498.

342 623 406 660 44.
468 619 714 661 l’armelia
746 618 1054 670 acariospora
1084 615 1136 657 A.
1168 616 1379 657 ZAI-JLBR.

168 733 570 774 ZAHLBRUCKNER
602 732 813 773 Lz'cleenes
845 731 888 771 in
922 729 1180 782 Erqebm'sse
1200 729 1274 770 der
1295 729 1437 771 botan.
1460 763 1466 770 .
1491 764 1498 770 .
1521 763 1528 770 .
1555 730 1668 783 Em).

56 801 167 844 nach
208 801 518 842 Sftcdbrasilien
554 803 674 841 1901.
734 798 1072 849 Denlcsclzrz'jten
1102 798 1177 839 der
1206 797 1253 838 K
1260 831 1387 838 .....
1422 797 1566 838 Alcad.
1597 798 1673 839 cler

63 868 429 921 Wissensclzasten
462 868 554 909 vol.
587 866 856 915 LXXXIII,
893 868 1013 914 1909,
1060 879 1104 919 p.
1140 869 1189 908 77
1224 867 1341 917 (163)
1374 870 1420 906 et
1451 870 1504 907 83
1535 867 1670 916 (169).

166 937 358 979 Thallus
402 936 505 977 laxe
549 936 809 990 adpressus,
857 933 1235 974 membranaceus
1282 933 1354 974 vel
1393 933 1672 987 subrigidus.

56 1005 271 1048 Laciniae
315 1004 453 1058 vulgo
484 1004 659 1052 breves,
705 1003 851 1044 rarius
883 1002 1133 1054 marginem
1165 1015 1323 1042 versus
1354 1001 1595 1056 elongatae
1626 1005 1674 1041 et

57 1073 307 1122 radiantes,
358 1076 465 1114 2—3
504 1074 565 1124 (4)
611 1085 716 1113 mm.
763 1071 899 1120 latae,
946 1069 1126 1126 planae,
1166 1071 1211 1111 in
1243 1071 1373 1125 apice
1395 1069 1673 1112 rotundatae

59 1146 105 1184 et
150 1155 303 1195 grosse
349 1145 575 1190 crematae,
621 1139 776 1181 crebre
815 1143 862 1180 et
901 1139 1104 1180 iteratim
1136 1138 1200 1179 bi·
1230 1137 1305 1179 vel
1336 1137 1675 1179 trichotomiter

57 1211 266 1252 furcatac
297 1215 343 1250 et
374 1209 752 1250 sinuato-incisae
770 1234 821 1238 —
839 1207 1013 1248 sinibus
1037 1206 1315 1256 rotundatis,
1340 1206 1446 1247 latis
1464 1231 1529 1255 —-,
1550 1210 1675 1247 arcte

57 1278 334 1320 imbricatae·
373 1277 444 1318 vel
490 1282 698 1318 centrum
734 1289 889 1317 versus
921 1275 1153 1316 interdum
1184 1274 1538 1316 crustiformiter
1570 1287 1675 1315 con-

58 1346 273 1395 fluentes,
312 1347 357 1386 in
389 1346 591 1399 margine
621 1345 804 1386 laciniis
833 1344 1121 1392 secundariis,
1155 1342 1382 1397 profunde
1414 1343 1567 1383 incisis
1598 1356 1677 1383 an-

57 1420 189 1471 gust-e
233 1413 404 1462 affixis,
460 1422 496 1461 ᾖς
535 1412 691 1454 crebre
737 1412 984 1453 instructae.
1065 1410 1253 1452 Thallus
1298 1410 1557 1464 laevigatus
1605 1410 1675 1451 vel

58 1484 234 1525 minute
265 1480 758 1536 impresso-rugulosus‚
782 1479 970 1529 nitidus,
994 1478 1107 1520 ciliis
1128 1483 1175 1520 et
1195 1478 1385 1520 sorediis
1406 1479 1676 1528 destitutus,

58 1551 137 1593 sed
172 1551 322 1592 isidiis
352 1549 561 1598 brevibus,
586 1547 950 1602 subcylindricis,
973 1546 1185 1588 indivisis
1207 1547 1276 1588 Vel
1302 1547 1448 1588 rarius
1470 1547 1676 1595 ramosis,

58 1619 203 1662 thallo
249 1616 579 1665 concoloribus,
626 1616 818 1659 vestitus.
879 1615 1047 1658 Cortex
1079 1616 1349 1665 continuus3
1398 1614 1522 1656 color
1551 1615 1679 1668 glau-

60 1702 241 1730 cescens
283 1686 354 1728 vel
385 1686 652 1734 flavesoens,
685 1684 850 1726 subtus
881 1685 1022 1738 niger,
1054 1684 1114 1725 ad
1144 1683 1372 1725 ambitum
1403 1683 1677 1724 fuscescens.

59 1756 218 1810 Usque
261 1754 321 1796 ad
366 1755 543 1809 apicem
575 1753 844 1794 laciniarum
876 1751 1062 1794 rhizinis
1094 1752 1248 1807 nigris,
1282 1751 1421 1805 vulgo
1452 1751 1678 1800 indivisis,

60 1824 200 1866 dense
231 1823 446 1864 vestitus.

173 1891 341 1933 Cortex
374 1890 581 1944 superior
611 1888 811 1938 decolor,
849 1891 1010 1930 13—22
1043 1904 1069 1943 μ
1100 1887 1240 1938 altus;
1283 1887 1468 1942 hyphae
1498 1887 1680 1928 corticis

60 1958 475 2015 perpendiculares,
522 1962 630 1999 6-8
665 1972 689 2011 μ.
721 1971 912 2006 crassae,
956 1961 1182 2011 septatae,
1215 1969 1435 2005 ramosae,
1470 1956 1515 1996 in
1547 1959 1679 2009 parte

60 2028 293 2082 superiore
338 2030 465 2068 arcte
511 2026 770 2079 contiguae.
845 2024 1045 2066 Medulla
1092 2024 1211 2074 alba,
1261 2027 1514 2078 65—1309.
1560 2022 1676 2072 alta;

61 2095 245 2150 hyphae
272 2093 544 2135 medullares
576 2097 685 2134 3—4
717 2108 744 2147 μ
775 2107 967 2141 crassae,
1001 2106 1166 2147 parum
1197 2092 1455 2146 adspersae.
1509 2090 1678 2132 Cortex

61 2163 250 2205 inferior
286 2165 448 2203 11-16
480 2175 507 2215 μ
538 2160 676 2202 altus.

174 2229 431 2285 Apothecia
472 2242 730 2278 numerosa,
774 2228 978 2283 dispersa
1012 2228 1082 2269 vel
1114 2232 1346 2281 congesta,
1380 2226 1566 2275 sessilia‚
1600 2240 1680 2267 an-

61 2303 193 2353 guste
237 2298 397 2346 affixa,
443 2296 644 2338 rotunda
690 2296 762 2338 vel
807 2296 1042 2351 angulosa,
1095 2310 1183 2337 non
1231 2295 1460 2349 perforata.
1522 2293 1680 2347 Margo

62 2367 228 2415 tenuis,
281 2367 458 2418 integer
509 2364 581 2405 vel
627 2368 855 2414 crenatus,
902 2378 1038 2418 saepe
1083 2363 1397 2418 irregulariter
1441 2363 1678 2411 incurvus;

61 2433 403 2488 receptaculum
449 2431 834 2486 sublaevigatum,
887 2432 1135 2482 lutescens;
1198 2436 1356 2472 cortex
1402 2428 1681 2483 receptaculi

62 2500 259 2550 decolor,
294 2503 459 2542 50—-70
491 2514 519 2553 μ
549 2499 691 2549 altus;
725 2499 909 2554 hyphae
940 2500 1122 2541 corticis
1155 2497 1568 2553 perpendiculares,
1601 2510 1680 2551 pa-

64 2568 447 2623 chydermaticae,
493 2571 718 2621 septatae,
755 2570 915 2609 10-12
947 2582 975 2621 μ
1006 2581 1199 2608 crassae.
1261 2565 1458 2607 Gonidia
1488 2565 1573 2606 sub
1604 2578 1681 2605 ex-

63 2635 215 2691 cipulo
246 2637 289 2677 in
324 2640 473 2677 strato
504 2635 725 2676 continuo
756 2634 995 2689 disposita,
1024 2635 1144 2676 infra
1166 2635 1381 2675 corticem
1402 2631 1680 2687 receptaculi

62 2703 244 2745 desunt.
305 2702 582 2757 Excipulum
612 2702 697 2744 sub
729 2707 830 2744 toto
862 2702 1141 2757 hypothecio
1163 2706 1209 2743 et
1230 2701 1290 2742 ad
1311 2701 1456 2742 latera
1478 2700 1681 2753 hymenii

62 2772 318 2821 evolutum,
351 2771 548 2819 decolor,
582 2784 672 2812 una
704 2784 808 2812 cum
839 2771 1121 2825 hypotliecio
1142 2769 1442 2811 subdecolore
1468 2771 1629 2810 15—25
1653 2781 1680 2821 μ

61 2839 223 2881 altum,
284 2839 448 2880 Discus
493 2838 639 2879 dilute
683 2838 1088 2879 flavo-fuscescens
1135 2851 1280 2891 usque
1325 2837 1518 2878 obscure
1557 2836 1680 2877 rufo-

62 2907 231 2957 fuscus,
256 2907 434 2962 planus,
458 2920 548 2948 non
573 2907 829 2960 pruinosus.
878 2907 1158 2961 Hymenium
1179 2910 1444 2960 angustum,
1468 2908 1635 2946 40—60
1653 2920 1680 2959 μ
