1882 3190
188 85 241 122 96
462 92 615 121 ARKIV
644 83 739 122 FoR
769 93 1000 122 ΒΟΤΑΝΙΚ.
1062 93 1196 122 BAND
1230 81 1291 123 13.
1353 93 1436 124 N:o
1466 81 1531 124 13.

299 193 481 234 Exsicc.
542 192 739 235 WAINIO
770 194 981 236 Lichenes
1011 194 1311 236 Brasilienses
1342 197 1436 235 398.

298 260 488 301 Thallus
532 260 636 301 laxe
681 260 943 315 adpressus,
986 261 1320 313 rz'qz'diusculus,
1354 260 1639 311 orbicularis,
1672 261 1810 305 diam.

190 333 235 369 ll
270 342 371 377 cm.;
405 327 499 369 lobi
530 327 645 369 bene
677 329 928 378 radiantes,
954 333 1063 372 7—8
1084 342 1191 369 mm.
1214 328 1314 377 lati,
1337 330 1544 378 concavi,
1567 329 1813 370 subdicho-

186 397 374 437 tomiter
404 395 541 437 divisi
572 400 619 437 et
650 397 1021 445 sinuato-lobati,
1055 396 1231 437 sinibus
1262 396 1487 449 angustis,
1510 409 1601 438 non
1623 396 1814 451 profun-

185 463 270 512 dis,
303 464 511 517 contigui
542 464 615 505 vel
645 464 929 518 marginibus
960 464 1126 505 leviter
1153 463 1545 505 adscendentibus
1566 464 1812 508 imbricati.

188 532 317 585 apice
347 531 591 573 rotundati
622 537 669 573 et
700 532 1098 574 sinuato-crenati.
1160 530 1348 572 Thallus
1378 531 1575 580 ciliatus,
1608 531 1713 573 cilia
1743 546 1814 573 ra-

187 612 329 648 mosa,
354 602 521 640 55—60
545 614 570 653 μ,
593 613 761 649 crassa,
795 599 966 641 thallus
997 598 1187 641 sorediis
1209 603 1256 640 et
1276 598 1421 640 isidiis
1441 598 1713 649 destitutus,
1732 599 1815 641 sed

187 667 414 719 punctulis
457 667 767 709 subtilissimis
810 668 925 709 albis
968 681 1058 708 non
1087 666 1359 719 prominulis
1388 667 1527 708 crebre
1556 667 1809 720 adspersus,

184 735 458 790 laevigatus,
490 736 681 786 nitidus,
714 741 874 777 cortex
905 736 1154 777 continuus
1165 749 1174 785 ;
1208 734 1333 776 color
1360 734 1813 789 glaucescenti-cine-

184 816 302 852 reus,
326 803 492 845 subtus
514 805 643 858 niger
663 804 736 845 vel
757 804 938 845 ambitu
960 807 1158 857 anguste
1181 802 1590 856 fusconigrescens.
1622 802 1812 844 Thallus

186 883 332 924 usque
374 871 434 912 ad
477 872 656 926 apicem
686 871 898 913 loborum
930 871 1070 911 dense
1099 870 1371 920 rhizinosus,
1404 869 1607 911 rhizinae
1637 871 1811 924 nigrae,

185 952 408 988 ramosae,
440 944 636 989 0‚5—l,5
672 953 779 981 mm.
811 939 974 993 longae
1005 943 1051 980 et
1084 941 1136 979 25
1171 952 1197 991 μ.
1228 952 1425 980 crassae.

299 1006 469 1049 Cortex
486 1008 693 1062 superior
709 1006 905 1056 decolor,
928 1007 1186 1057 18—20(25)
1205 1020 1234 1060 μ
1250 1005 1386 1055 altus,
1403 1010 1555 1047 strato
1571 1005 1812 1062 amorpho,

186 1078 295 1116 3—-4
319 1089 345 1128 μ
367 1074 478 1124 alto,
502 1079 676 1124 tectus;
700 1074 885 1129 hyphae
907 1074 1090 1115 corticis
1111 1073 1563 1128 pachydermaticae,
1582 1077 1809 1127 septatae,

185 1142 444 1196 contiguae.
506 1142 708 1183 Medulla
739 1141 857 1191 alba,
893 1144 1088 1182 80—110
1120 1155 1146 1195 μ
1178 1140 1288 1188 alta,
1322 1139 1508 1195 hyphae
1535 1140 1811 1182 medullares

184 1209 286 1250 laxe
318 1214 567 1251 contextae
599 1214 708 1252 2—3
731 1224 759 1263 μ
791 1223 984 1258 crassae,
1009 1222 1101 1250 non
1125 1208 1385 1263 adspersae.
1432 1208 1602 1250 Cortex
1624 1208 1813 1250 inferior

185 1277 324 1330 niger,
363 1281 524 1319 13—18
559 1293 584 1332 μ.
615 1277 752 1319 altus,
814 1277 1038 1318 Rhizinae
1068 1276 1207 1318 diam.
1242 1279 1409 1318 20-30
1440 1291 1482 1331 μ.

298 1344 556 1399 Apothecia
587 1359 842 1395 numerosa,
876 1345 1083 1399 dispersa
1113 1348 1160 1386 et
1190 1344 1393 1386 rotunda
1423 1343 1497 1385 vel
1526 1347 1746 1397 congesta
1766 1349 1814 1385 et

185 1416 349 1453 mutua
394 1414 628 1467 pressione
659 1413 895 1466 angulosa,
929 1413 1069 1454 diam.
1104 1416 1211 1455 5—7
1244 1426 1370 1461 mm.‚
1403 1411 1654 1462 urceolata,
1685 1412 1814 1466 pedi-

185 1479 364 1530 cellata,
399 1480 632 1533 perforata.
684 1481 842 1534 Margo
874 1482 1108 1529 incurvus,
1132 1481 1322 1534 integer,
1347 1480 1515 1529 tenuis,
1538 1481 1810 1534 persistens3

184 1547 529 1601 receptaculum
576 1548 721 1589 thallo
766 1548 980 1590 concolor
1026 1547 1095 1588 vel
1144 1549 1190 1588 in
1235 1547 1566 1589 flavescentem
1604 1561 1811 1602 vergens,

183 1615 588 1670 albopunctatum,
612 1617 789 1658 minute
811 1616 1100 1669 rugulosum;
1125 1621 1286 1657 cortex
1309 1615 1591 1670 receptaculi
1612 1615 1811 1663 decolor,

187 1688 239 1724 55
271 1698 299 1736 μ
330 1683 467 1732 altus,
499 1683 683 1737 hyphae
715 1684 899 1725 corticis
921 1683 1338 1738 perpendiculares,
1361 1683 1812 1738 pachydermaticae,

186 1755 411 1804 septatae,
456 1751 805 1805 subcontiguae.
868 1751 1068 1793 Gonidia
1111 1751 1198 1793 sub
1241 1751 1455 1806 excipulo
1487 1755 1534 1792 et
1564 1751 1684 1792 infra
1716 1764 1814 1792 cor-

186 1819 323 1859 ticem
372 1818 650 1873 receptaculi
702 1820 748 1860 in
799 1824 947 1860 strato
997 1820 1221 1861 continuo
1269 1819 1461 1860 inclusa.
1532 1818 1812 1873 Excipulum

186 1885 383 1935 decolor,
418 1886 504 1927 sub
537 1890 639 1928 toto
670 1886 950 1940 hypothecio
982 1892 1028 1928 et
1060 1887 1119 1928 ad
1150 1887 1299 1929 latera
1329 1886 1534 1941 hymenii
1556 1886 1811 1936 evolutum,

186 1956 238 1994 25
272 1969 298 2008 μ.
328 1954 490 2003 altum,
523 1969 579 1995 ex
609 1954 776 2009 hyphis
808 1955 1241 2009 pachydermaticis,
1275 1954 1412 1996 valde
1442 1954 1688 2004 intricatis,
1720 1953 1812 1995 for-

184 2026 380 2063 matum.
441 2021 789 2076 Hypothecium
832 2022 1030 2072 decolor,
1076 2037 1132 2064 ex
1164 2022 1332 2078 hyphis
1370 2031 1407 2071 ss
1447 2021 1813 2064 horizontalibus

186 2089 451 2139 formatum,
500 2092 552 2130 25
585 2104 612 2143 μ
657 2090 817 2131 altum.
886 2091 1051 2132 Discus
1098 2091 1377 2140 urceolatus,
1424 2090 1616 2140 nit-idus,
1663 2089 1811 2131 dilute

185 2157 362 2206 badius,
396 2171 489 2198 non
521 2158 781 2211 pruinosus.
832 2158 1116 2212 Hymenium
1139 2163 1191 2200 65
1215 2173 1242 2211 μ
1263 2158 1425 2207 altum,
1449 2172 1645 2213 superne
1666 2157 1812 2199 dilute

185 2224 589 2273 flavofuscescens,
614 2230 817 2266 ceterum
843 2226 1040 2276 decolor,
1060 2231 1210 2268 strato
1227 2226 1453 2281 amorpho
1469 2226 1599 2267 tenui
1617 2229 1810 2267 tectum.

182 2291 475 2346 Paraphyses
525 2292 774 2346 gelatinam
819 2293 1001 2335 firmam
1046 2299 1380 2348 percurrentes,
1428 2294 1606 2347 apicem
1652 2306 1812 2334 versus

184 2359 348 2401 leviter
377 2361 674 2409 incrassatae,
707 2360 933 2402 indivisae
965 2361 1034 2402 vel
1060 2375 1515 2410 ramoso-connexae,
1536 2374 1676 2415 parce
1699 2362 1811 2409 (non
1866 2394 1869 2398 .

184 2428 452 2479 constricte)
498 2432 724 2481 septatae.
791 2428 896 2469 Asci
943 2428 1350 2483 oblongo-clavati,
1398 2433 1566 2470 55—58
1598 2443 1626 2482 μ
1671 2428 1808 2482 longi,

188 2499 392 2544 14—18,5
420 2510 445 2549 μ
468 2496 621 2545 crassi,
645 2495 915 2537 membrana
946 2502 1018 2538 sat
1041 2498 1185 2545 tenui,
1209 2497 1339 2551 apice
1359 2497 1632 2546 incrassata,
1655 2496 1810 2544 cincti,

185 2564 432 2617 octospori.
494 2562 665 2617 Sporae
710 2563 1016 2616 ellipsoideae,
1060 2570 1256 2619 anguste
1299 2564 1535 2614 limbatae,
1583 2566 1745 2605 13—15
1783 2578 1811 2617 μ

184 2630 359 2684 longae,
394 2635 590 2680 5,2-8‚4
625 2645 652 2684 μ
684 2645 875 2672 crassae.

297 2698 640 2752 Conceptacula
682 2699 1124 2752 pycnoconidiorum
1156 2700 1439 2754 subglobosa
1469 2699 1544 2741 vel
1574 2699 1810 2754 depresso-

183 2766 384 2818 globosa‚
423 2770 500 2808 100
532 2781 559 2820 μ,
589 2766 699 2815 alta,
740 2770 814 2807 120
847 2781 874 2820 μ
905 2766 1019 2816 lata;
1055 2768 1370 2821 perifulcrium
1401 2766 1690 2816 subdecolor,
1724 2767 1808 2809 cir-

184 2847 287 2874 cum
325 2834 541 2875 ostiolum
573 2834 826 2875 obscurius.
887 2834 1052 2875 Fulcra
1082 2835 1461 2885 endobasidialia,
1494 2835 1673 2877 basidia
1703 2833 1809 2875 sub-
