1882 3190
59 108 238 144 LYNGE,
272 106 714 137 PSEUDOPARMELIA
745 106 857 135 GEN.
891 105 1004 135 NOV.
1039 106 1142 135 UND
1175 106 1423 135 PARMELIA
1456 106 1563 136 AOH.
1628 98 1679 136 77

170 207 338 249 Cortex
369 207 578 260 superior
610 210 776 248 20—26
809 220 836 259 μ
867 205 1003 254 altus,
1049 205 1246 255 decolor,
1282 206 1466 261 hyphae
1498 207 1680 248 corticis

55 274 470 331 perpendiculares,
518 274 778 328 adspersae,
826 277 1051 327 septatae.
1100 273 1550 328 pachydermaticae,
1597 278 1620 315 8
1653 288 1681 327 μ

59 356 253 391 crassae,
288 342 549 396 contiguae,
582 341 758 382 lumina
798 340 1030 382 cellularia
1070 343 1411 394 angustissima.
1478 341 1678 383 Medulla

58 413 278 451 120—180
309 424 337 462 μ
368 409 478 458 alta,
510 409 764 462 sulphurea,
798 407 982 463 hyphae
1012 407 1287 449 medullares
1319 414 1391 450 sat
1413 409 1553 450 dense
1575 422 1682 450 con-

55 481 226 525 textae,
260 480 369 517 2—4
401 491 429 530 μ
460 490 653 526 crassae,
694 485 730 524 ᾗς
770 476 1029 529 adspersae.
1094 475 1290 516 Gonidia
1322 476 1460 517 diam.
1495 480 1602 518 6—7
1639 491 1678 530 μ..

53 544 220 587 Cortex
266 544 463 585 inferior.
497 545 624 596 niger
670 543 742 585 vel
788 543 1059 596 fusconiger,
1093 542 1152 583 ad
1184 544 1436 596 marginem
1467 543 1680 584 loborum

54 611 340 661 subdecolor,
373 625 401 652 a
433 611 633 652 medulla
666 611 780 652 bene
812 611 1105 659 terminatus,
1143 614 1306 651 13—20
1339 625 1364 664 μ.
1396 611 1533 652 altus.

0 664 1 679 ¹
166 678 423 732 Apothecia
453 678 591 720 diam.
627 693 693 720 ca.
732 681 781 719 10
811 691 933 726 mm„
957 677 1178 732 dispersa,
1203 678 1419 726 rotunda,
1442 679 1677 720 urceolata

54 746 127 788 vel
157 745 263 787 dein
294 759 513 795 concava,
548 746 749 787 breviter
778 744 1066 800 pedicellata‚
1100 758 1193 785 non
1224 745 1473 798 perforata.
1522 746 1680 799 Margo

54 814 167 856 bene
199 814 431 863 incurvus,
463 813 848 861 dentato-ciliani&
887 812 1096 853 »denteso
1136 817 1152 853 l
1178 826 1284 854 mm.
1309 813 1430 866 longi
1454 813 1525 853 vel
1552 813 1680 867 paul-

54 881 148 923 lum
192 881 331 922 ultra.
393 880 758 935 Receptaculum
796 893 1026 931 rugosum,
1070 880 1379 921 minutissime
1410 880 1676 934 albo-punc-

57 953 226 997 tatum,
259 953 417 989 cortex
449 947 729 1002 receptaculi
761 951 928 990 50—70
959 961 987 1000 μ
1017 947 1155 996 altus,
1189 947 1387 995 decolor,
1421 961 1512 988 non
1535 948 1681 1002 papil-

53 1018 189 1066 losus,
223 1017 407 1074 hyphae
434 1018 617 1059 corticis
644 1016 1060 1071 perpendiculares,
1084 1016 1534 1071 pachydermaticae,
1553 1023 1680 1058 arcte

55 1086 316 1139 contiguae,
349 1085 523 1126 lumina
554 1084 784 1126 cellularia
815 1085 1155 1137 angustissima.
1216 1084 1415 1126 Gonidia
1445 1084 1530 1125 sub
1561 1085 1681 1125 exci—

52 1153 163 1207 pulo
193 1157 240 1194 et
272 1153 392 1194 infra
414 1154 631 1194 corticem
652 1151 930 1206 receptaculi
952 1152 998 1192 in
1021 1157 1170 1193 strato
1192 1152 1415 1193 continuo
1437 1152 1678 1206 disposita,

50 1221 198 1262 rarius
231 1222 276 1261 in
302 1225 404 1261 tota
426 1219 626 1261 medulla
647 1221 948 1261 continentia.
998 1219 1276 1274 Excipulum
1298 1233 1364 1260 ca.
1390 1223 1442 1260 20
1467 1234 1492 1273 μ.
1515 1219 1677 1269 altum,

53 1288 139 1330 sub
182 1292 285 1329 toto
328 1287 610 1342 hypothecio
652 1292 698 1328 et
729 1287 788 1328 ad
819 1286 964 1328 latera
995 1287 1199 1342 hymenii
1232 1287 1488 1336 evolutum,
1523 1287 1598 1328 ubi
1634 1289 1679 1328 in

53 1357 270 1397 corticem
303 1356 548 1404 transiens,
581 1354 777 1404 decolor,
811 1369 866 1395 ex
891 1354 1059 1409 hyphis
1081 1354 1516 1410 pachydermaticis,
1542 1355 1677 1396 Valde

55 1424 298 1472 intricatis,
332 1424 598 1465 formatum.
661 1422 1009 1478 Hypothecium
1039 1423 1325 1470 subdecolor,
1361 1438 1427 1464 ca.
1464 1427 1627 1465 20—25
1652 1438 1679 1477 μ

53 1490 213 1532 altum.
275 1490 439 1532 Discus
486 1490 764 1540 subnitidus,
812 1490 992 1539 badius,
1041 1491 1329 1545 epruinosus.
1392 1491 1677 1546 Hymenium

59 1561 277 1600 100-130
323 1573 350 1611 μ
396 1558 557 1607 altum,
602 1562 735 1612 parte
779 1559 1011 1612 superiore
1058 1558 1204 1599 dilute
1250 1558 1520 1607 flavescens,
1560 1565 1678 1600 cete-

55 1638 155 1666 rum
201 1624 394 1674 decolor,
434 1639 526 1666 non
559 1625 829 1679 inspersum.
891 1625 1182 1679 Paraphyses
1214 1630 1392 1674 tenues,
1425 1627 1556 1680 apice
1587 1640 1679 1677 non

51 1693 347 1741 incrassatae,
396 1692 647 1746 gelatinam
693 1692 874 1733 firmam
905 1698 1240 1747 percurrentes,
1283 1707 1373 1734 non
1417 1699 1677 1747 congestae,

55 1774 513 1809 ramoso-connexae,
568 1760 838 1802 indistincte
899 1766 945 1802 et
1004 1760 1213 1802 increbre
1272 1766 1498 1816 septatae.
1574 1762 1681 1803 Asci

53 1827 516 1882 ellipsoideo·clavati
548 1827 620 1868 vel
653 1827 822 1878 ovales,
857 1831 1023 1870 70—84
1056 1843 1083 1882 μ
1114 1829 1252 1882 longi,
1286 1832 1451 1872 30—38
1474 1844 1501 1883 μ
1523 1830 1676 1878 crassi,

56 1895 326 1936 membrana
354 1895 586 1942 mediocri,
611 1896 741 1949 apice
767 1896 935 1949 passim
961 1897 1220 1937 incrassata
1251 1897 1405 1945 cincti,
1430 1898 1678 1950 octospori.

53 1962 223 2017 Sporae
269 1962 547 2003 biserialiter
586 1962 851 2016 dispositae,
885 1963 1051 2005 obtuse
1081 1963 1389 2019 ellipsoideae,
1423 1964 1679 2018 pachyder-

52 2031 248 2071 maticae
281 2031 578 2084 (episporium
610 2034 764 2079 2,5—3
796 2034 856 2084 μ),
891 2034 1101 2085 26—3211.
1122 2031 1285 2085 longae
1307 2037 1354 2073 et
1380 2035 1629 2081 13,3—-l4,6
1651 2046 1678 2085 μ

53 2111 246 2139 crassae.

165 2164 507 2220 Conceptacula
520 2165 964 2219 pycnoconidiorum
972 2180 1230 2216 numerosa,
1243 2168 1288 2208 in
1301 2167 1519 2208 laminam
1532 2168 1679 2221 (prae-

52 2234 185 2287 cipue
216 2233 263 2273 in
293 2233 587 2287 appendices,
621 2246 736 2286 quas
766 2247 906 2287 supra
937 2235 1413 2285 commemoravimus)
1447 2236 1677 2284 immersa,

53 2300 256 2355 globosa,
295 2299 433 2340 diam.
474 2303 694 2341 120-130
712 2314 752 2354 μ,
770 2300 1086 2354 perifulcrium
1110 2303 1330 2343 verticem
1351 2316 1510 2342 versus
1531 2301 1680 2343 fusco-

53 2368 296 2421 nigricans,
345 2372 549 2409 ceterum
594 2366 794 2409 decolor.
863 2367 1030 2410 Fulcra
1075 2369 1453 2418 endobasidialia,
1501 2369 1680 2410 basidia

53 2440 249 2489 anguste
279 2435 547 2490 ellipsoidea
578 2435 650 2476 vel
682 2436 1038 2490 subcylindrica,
1072 2442 1183 2479 6—8
1207 2453 1233 2492 μ
1254 2438 1389 2492 longa
1411 2443 1458 2479 et
1484 2442 1634 2485 1,5-—2
1652 2453 1680 2492 μ

53 2516 221 2544 crassa.
282 2502 628 2557 Pycnoconidia
673 2507 812 2553 recta,
860 2503 1006 2546 altero
1051 2506 1180 2562 apice
1210 2510 1475 2559 angustata,
1509 2508 1618 2548 5—7
1653 2520 1679 2560 μ.

55 2569 192 2624 longa
222 2574 269 2611 et
299 2574 365 2620 O,5
402 2585 429 2623 μ
460 2584 628 2611 crassa.

168 2637 329 2679 React.
381 2638 569 2679 Thallus
602 2637 737 2679 KOH
768 2643 904 2680 extus
935 2639 1082 2681 dilute
1113 2639 1518 2689 flavofulvescens,
1552 2641 1678 2682 intus

54 2705 343 2754 immutatus,
389 2705 581 2758 CaCl202
625 2710 762 2747 extus
793 2710 839 2747 et
871 2707 998 2748 intus
1028 2707 1318 2749 immutatus.
1380 2707 1485 2749 Asci
1515 2707 1546 2748 J
1577 2721 1680 2762 per-

60 2772 278 2814 sistenter
307 2773 683 2822 caerulescentes,
716 2773 1002 2828 paraphyses
1032 2774 1063 2816 J
1093 2775 1186 2816 fere
1216 2775 1506 2817 immutatae.

164 2839 387 2882 Brasiliae
417 2842 544 2883 civit.
578 2841 728 2882 Matto
760 2840 947 2883 Grosso:
987 2842 1132 2884 Santa
1168 2842 1304 2883 Anna
1340 2842 1399 2883 da
1436 2842 1672 2897 Chapada.

54 2906 110 2948 In
138 2908 342 2960 margine
377 2908 570 2951 silvulae
609 2909 889 2962 (»capoeira»
914 2911 1147 2961 vetustae)
1171 2913 1209 2951 2.
1234 2913 1272 2951 3.
1300 2913 1420 2960 1894,
1453 2924 1526 2953 no,
1552 2914 1676 2954 2477.

169 2974 295 3016 Icon.
328 2975 441 3017 Tab.
476 2979 513 3026 2,
549 2976 626 3030 fig.
661 2981 698 3017 5.
